3339 4435
2677 129 151 148 48

281 1263 2691 204 Il y a longtems que je pense à prendre la plume pour vous

292 1445 2714 181 remercier de l'accueil obligeant que vous m avez fait dans

284 1629 2725 178 mon dernier passage à Paris, & pour vous renouveller les

232 1796 2752 218 assurances de mon respect sincere & inviolable. Mais diverses

288 1955 2714 262 causes m'ont distrait & occupé au point de me faire negliger

236 2154 2733 222 plusieurs devoirs. L'une de ces causes est mon mariage, en quoi

255 2309 2725 244 j'ai eu le bonheur de faire le meilleur marché que j'aye fait

277 2490 2621 237 de ma vie, par l'excellent caractere de la personne dont j'ai

288 2661 2603 258 fait choix. l'autre cause bien differente sont les brouilleries

310 2827 2644 259 dont notre République a eté agités, & où il a fallu que tous les

277 3008 2747 251 honnêtes gens interposassent leurs bons offices & ont calmes les

306 3178 2633 251 esprits & aporte la paix. les brouilleries sont venues e quelques

314 3407 2729 185 demandes de la Bourgeoisie, tres importantes & [mot barré] avec une

329 665 1224 188 Mon Tres Reverend Pere
