3058 4435
181 868 2477 351 permettés moi Mon tres Reverend pere de vous felicitter

181 1101 2466 332 sur louvrage que vous allez donner au publiq et qui ne fera pas

188 1256 2466 351 moins d honneur a notre nation quil sera [?] a tous les gens de lettres

144 1445 2459 325 de quelque païs quil soient, trouverés [?] vous bon apres cela

181 1626 2411 292 quau milieu de vos scavantes occupations joze vous prier de jetter

173 1762 2441 292 les ieux sur un morceau de lhistoire romaine dont la preface

170 1899 2470 303 vous dira le dessein mr~ clousier a quelque veüe de limprimer

192 2040 2462 303 mais ny lui ny moi nozons hazarder limpression sans lavis d un

99 2217 2530 310 aussi habille homme que vous estes. je vous auré en mon particulier

162 2350 2430 322 une etroitte obligation de men dire votre sentiment avec la

181 2531 2381 288 franchise et la cordialité quon se doit mutuellement je vous

129 2646 2514 336 demande tres humblemt cette grace et celle de me croire

192 2805 2026 303 avec une estime infinie et un veritable respet

573 3226 277 174 cc 18

1175 2967 1047 307 Mon tres Rd pere

1442 3189 1127 207 Votre tres humble et tres

1590 3337 905 185 obeissant servitr

1785 3451 537 189 Pevernd

2488 188 155 181 52
