3339 4435
447 1733 2344 225 en prétant cet argent a sanches ; vous devés

454 1899 2311 196 étre bien persuadé ; que quoy que vous fassiés

447 2054 2389 170 pour moy, ie ne vous dediray iamais en rien ;

447 2154 2422 211 tant par raport a la deference, et a la soumission

447 2280 2429 222 que iay, et que ie dois avoir, pour vos sentiments

443 2402 2385 247 que par raport a mes propres interets, puisque

443 2516 2400 215 ie suis certain dagir selon la raison, toutes les

432 2638 2422 248 fois que vous voudrés bien agir, pour moy, ou que

451 2749 2425 255 vous voudrés   me faire la grace de m'inspirer

451 2867 2396 252 ce que ie devray faire. et vous me permettrés

436 2997 2344 244 de vous dire, mon reverand pere, quil netoit

447 3126 2366 237 nullement necessaire que vous me parlassies des

443 3241 2315 251 bons témoignages que mr le comte de Cordat, et

443 3381 2293 229 autres, rendent de luy ; pour que iaprouvasse

443 3485 2441 266 ce que vous avés fait. ces raisons sont bien bonnes

447 3573 2429 311 pour me le faire aprouver, mais la meilleure de

451 3703 2355 288 toutes, et qui rend les autres inutiles est que

465 3847 1927 277 vous, mon reverend pere, layés fait.
