3339 4435
1268 783 1246 155 a vilarsel ce 26em aoust 1719

403 1777 2529 229 il ny a que deus jours, mon trés reverend pere,

406 1910 2496 237 que iay reçeü votre lettre du 7eme aoust ; iay dabord

406 2054 2345 230 envoyé les 100# a Me de roquetaillade, comme

406 2176 2393 244 vous verrés par le receu que ie vous envoye,

406 2335 2363 226 ie receus aussi, celle du 15eme juillet, quinse

403 2446 2573 259 jours, ou trois semaines plus tard que ie naurois

399 2564 2581 267 dü faire, et la raison est, que ie nenvoye point

406 2705 2574 266 au courrier de limous retirer mes lettres, parceque

406 2845 2356 289 touts ceus qui mecrivent, les adressent a

410 2956 2426 322 carne, pour vilarsel; ie suis cependant bien

414 3119 2425 303 fasché de ce retardement, puisque vous avés

414 3219 2496 314 eté obligé de prendre la peine de me renvoyer

417 3385 2304 284 la lettre de change, que ie ne vous aurois

440 3492 2495 333 point mandée, n'ieusse reçeü la votre plutot.

443 3669 2515 300 ie ne doute pas que vous nayés reçeu mon

2595 923 130 178 99
