<?xml version="1.0" encoding="UTF-8"?>
<alto xmlns:xsi="http://www.w3.org/2001/XMLSchema-instance"
      xmlns="http://www.loc.gov/standards/alto/ns-v4#"
      xsi:schemaLocation="http://www.loc.gov/standards/alto/ns-v4# http://www.loc.gov/standards/alto/v4/alto-4-2.xsd">
  <Description>
    <MeasurementUnit>pixel</MeasurementUnit>
    <sourceImageInformation>
      <fileName>f205.jpeg</fileName>
      
    </sourceImageInformation>
  </Description>
  
  <Tags>
    <OtherTag ID="BT1909" LABEL="StampZone:curatorial" DESCRIPTION="block type StampZone:curatorial"/><OtherTag ID="BT1760" LABEL="DamageZone:hole" DESCRIPTION="block type DamageZone:hole"/><OtherTag ID="BT1724" LABEL="NumberingZone" DESCRIPTION="block type NumberingZone"/><OtherTag ID="BT1721" LABEL="MainZone" DESCRIPTION="block type MainZone"/>
    <OtherTag ID="LT581" LABEL="DefaultLine" DESCRIPTION="line type DefaultLine"/><OtherTag ID="LT588" LABEL="InterlinearLine" DESCRIPTION="line type InterlinearLine"/>
  </Tags>
  
  <Layout>
    <Page WIDTH="3339"
          HEIGHT="4435"
          PHYSICAL_IMG_NR="6"
          ID="eSc_dummypage_">
      <PrintSpace HPOS="0"
                  VPOS="0"
                  WIDTH="3339"
                  HEIGHT="4435">
        
        <TextBlock HPOS="389"
                   VPOS="1744"
                   WIDTH="2624"
                   HEIGHT="2362"
                   ID="eSc_textblock_1e96664c"
                   TAGREFS="BT1721">
          <Shape><Polygon POINTS="2776 1774 2850 1907 2821 2125 2879 2203 2998 2365 2954 2731 2836 2912 2939 3281 2924 3573 3013 3814 2984 3943 428 4106 389 3630 389 1847 783 1788 2396 1744"/></Shape>
          
          
          <TextLine ID="eSc_line_9725f900"
                    TAGREFS="LT581"
                    BASELINE="381 1934 499 1925 1545 1903 2743 1847" 
                    HPOS="366"
                    VPOS="1755"
                    WIDTH="2373"
                    HEIGHT="222">
            <Shape><Polygon POINTS="380 1932 366 1833 580 1818 584 1818 587 1818 606 1822 650 1836 724 1818 754 1814 758 1814 761 1814 772 1818 817 1840 854 1822 857 1822 861 1822 865 1822 909 1840 1164 1840 1264 1803 1275 1799 1279 1799 1283 1799 1301 1803 1397 1822 1449 1796 1475 1785 1479 1785 1482 1785 1486 1785 1512 1796 1578 1822 1819 1814 1915 1781 1944 1774 1948 1774 1952 1774 1956 1774 1970 1781 2007 1803 2200 1803 2266 1770 2307 1755 2311 1755 2314 1755 2732 1759 2739 1844 2739 1862 2344 1903 2340 1903 2251 1888 2226 1884 2196 1892 2111 1910 2107 1910 2103 1910 2100 1910 2085 1895 2078 1892 2044 1899 1926 1918 1922 1918 1863 1907 1841 1903 1782 1910 1619 1932 1504 1936 1501 1936 1497 1936 1475 1925 1445 1910 1220 1936 1101 1951 1098 1951 1094 1951 1079 1944 1046 1925 1002 1944 998 1944 994 1944 809 1932 780 1958 776 1958 776 1962 772 1962 769 1962 765 1962 735 1962 513 1944 384 1977"/></Shape>
	    <String CONTENT="touts dans une grande impatience de le voir,"
                    HPOS="366"
                    VPOS="1755"
                    WIDTH="2373"
                    HEIGHT="222"></String>
          </TextLine>

          
          
          <TextLine ID="eSc_line_5b9ea655"
                    TAGREFS="LT581"
                    BASELINE="381 2069 1504 2051 2373 2014 2810 1973" 
                    HPOS="369"
                    VPOS="1892"
                    WIDTH="2437"
                    HEIGHT="233">
            <Shape><Polygon POINTS="380 2065 369 1980 573 1958 573 1958 576 1958 754 1966 754 1966 754 1966 758 1966 758 1966 758 1966 758 1966 802 1988 972 1966 972 1966 976 1966 1127 1977 1146 1962 1146 1958 1146 1958 1149 1958 1149 1958 1149 1958 1153 1958 1153 1958 1157 1958 1157 1958 1157 1958 1161 1958 1212 1973 1275 1947 1297 1936 1297 1936 1301 1936 1301 1936 1301 1936 1305 1936 1305 1936 1305 1936 1308 1936 1331 1944 1401 1966 1593 1966 1619 1940 1619 1940 1623 1940 1623 1940 1623 1940 1626 1940 1626 1940 1626 1940 1630 1940 1800 1951 1893 1921 1911 1918 1915 1918 1915 1918 1915 1918 1919 1918 1919 1918 1948 1921 2041 1936 2067 1918 2074 1910 2074 1910 2078 1910 2078 1910 2081 1910 2081 1910 2081 1910 2085 1910 2085 1910 2089 1910 2089 1910 2089 1910 2092 1910 2092 1910 2096 1914 2129 1940 2355 1921 2359 1921 2359 1921 2359 1921 2362 1921 2414 1936 2540 1899 2555 1895 2558 1895 2558 1895 2558 1895 2795 1892 2806 1969 2806 2003 2654 2029 2654 2029 2651 2029 2484 2021 2470 2021 2466 2021 2414 2058 2410 2058 2410 2058 2410 2058 2407 2058 2407 2058 2407 2058 2403 2058 2022 2043 1889 2040 1601 2058 1586 2065 1538 2088 1538 2088 1534 2088 1534 2088 1534 2088 1379 2091 1375 2091 1375 2091 1371 2091 1371 2091 1371 2091 1368 2091 1368 2091 1368 2091 1353 2077 1342 2069 1257 2084 1142 2099 1142 2099 1138 2099 1138 2099 1135 2099 1098 2091 998 2065 846 2102 839 2102 839 2102 839 2102 835 2102 835 2102 835 2102 831 2102 831 2102 831 2102 758 2073 687 2099 687 2099 684 2099 684 2099 680 2099 680 2099 680 2099 676 2099 610 2077 380 2125"/></Shape>
	    <String CONTENT="mais ie vous suplie pourtant de ne point me"
                    HPOS="369"
                    VPOS="1892"
                    WIDTH="2437"
                    HEIGHT="233"></String>
          </TextLine>

          
          
          <TextLine ID="eSc_line_8222f50e"
                    TAGREFS="LT581"
                    BASELINE="381 2203 414 2206 1231 2195 2177 2162 2765 2121" 
                    HPOS="373"
                    VPOS="2025"
                    WIDTH="2389"
                    HEIGHT="218">
            <Shape><Polygon POINTS="380 2202 373 2106 599 2099 602 2099 602 2099 606 2099 695 2121 787 2091 787 2091 791 2091 791 2091 791 2091 795 2091 795 2091 795 2091 795 2091 798 2091 798 2091 802 2091 802 2091 802 2091 828 2114 913 2095 913 2095 913 2095 917 2095 917 2095 917 2095 920 2095 920 2095 924 2095 924 2095 924 2095 950 2117 1101 2084 1101 2084 1101 2084 1105 2084 1105 2084 1105 2084 1109 2084 1109 2084 1113 2084 1113 2084 1113 2088 1146 2114 1316 2114 1564 2065 1564 2065 1567 2065 1567 2065 1567 2065 1571 2065 1571 2065 1571 2065 1575 2065 1623 2099 1749 2099 1793 2069 1797 2069 1797 2069 1797 2069 1800 2069 1800 2069 1804 2069 1804 2069 1970 2088 2004 2062 2004 2058 2004 2058 2007 2058 2007 2058 2011 2058 2011 2058 2011 2058 2015 2058 2015 2058 2018 2058 2092 2077 2118 2054 2118 2054 2122 2054 2122 2054 2122 2054 2126 2054 2126 2054 2129 2054 2129 2054 2129 2054 2133 2054 2133 2054 2133 2054 2137 2054 2137 2054 2166 2080 2244 2047 2244 2047 2248 2047 2248 2047 2248 2047 2251 2047 2251 2047 2255 2047 2255 2047 2255 2047 2259 2047 2299 2073 2610 2065 2647 2032 2647 2029 2647 2029 2651 2029 2651 2029 2654 2029 2654 2029 2654 2029 2751 2025 2762 2117 2762 2150 2481 2158 2481 2162 2455 2187 2455 2187 2455 2191 2455 2191 2451 2191 2451 2191 2451 2191 2447 2191 2447 2191 2444 2191 2444 2191 2444 2191 2318 2169 2299 2165 2274 2169 2129 2202 2129 2202 2129 2202 2126 2202 2126 2202 2122 2202 2122 2202 2055 2180 1959 2199 1959 2199 1959 2199 1956 2199 1956 2199 1867 2184 1859 2184 1856 2184 1793 2213 1793 2213 1789 2213 1789 2213 1789 2213 1785 2213 1785 2213 1782 2213 1782 2213 1715 2191 1697 2184 1663 2191 1578 2213 1575 2213 1575 2213 1571 2213 1386 2202 1375 2202 1375 2202 1334 2228 1331 2228 1331 2228 1331 2228 1327 2228 1327 2228 1323 2228 1323 2228 1323 2228 1320 2228 1320 2228 1320 2228 1316 2228 1290 2210 1105 2228 1105 2228 1101 2228 1101 2228 1098 2228 1098 2228 1098 2228 1068 2213 1053 2206 1020 2213 913 2243 909 2243 909 2243 905 2243 377 2235"/></Shape>
	    <String CONTENT="lenvoyer, quil ne soit bien en etat de suporter"
                    HPOS="373"
                    VPOS="2025"
                    WIDTH="2389"
                    HEIGHT="218"></String>
          </TextLine>

          
          
          <TextLine ID="eSc_line_0be2c42b"
                    TAGREFS="LT581"
                    BASELINE="380 2346 1582 2313 2200 2265" 
                    HPOS="373"
                    VPOS="2176"
                    WIDTH="1827"
                    HEIGHT="218">
            <Shape><Polygon POINTS="380 2346 373 2247 558 2269 584 2239 587 2239 587 2239 587 2235 587 2235 591 2235 591 2235 595 2235 595 2235 595 2235 599 2235 599 2235 599 2235 602 2235 602 2235 613 2239 643 2254 676 2239 691 2232 691 2232 691 2232 695 2232 695 2232 698 2232 698 2232 698 2232 702 2232 702 2232 702 2232 706 2232 706 2232 713 2239 743 2261 894 2239 894 2239 898 2239 898 2239 898 2239 902 2239 950 2254 1005 2232 1046 2217 1046 2217 1050 2217 1050 2217 1053 2217 1105 2217 1105 2217 1105 2217 1109 2217 1109 2217 1109 2217 1113 2217 1113 2217 1113 2221 1124 2232 1142 2247 1301 2228 1386 2217 1386 2217 1390 2217 1390 2217 1390 2217 1394 2217 1394 2217 1394 2217 1397 2217 1397 2217 1405 2224 1419 2235 1475 2224 1512 2217 1512 2217 1512 2217 1516 2217 1516 2217 1560 2221 1615 2228 1630 2221 1663 2195 1667 2195 1667 2195 1667 2195 1671 2195 1671 2195 1671 2195 1675 2195 1675 2195 1678 2195 1678 2195 1734 2217 1741 2221 1752 2217 1822 2187 1822 2187 1826 2187 1826 2187 1826 2187 1830 2187 1830 2187 1830 2187 1834 2187 1911 2213 1922 2217 1941 2213 2115 2176 2115 2176 2115 2176 2118 2176 2118 2176 2122 2176 2122 2176 2200 2210 2200 2265 2196 2291 1871 2302 1815 2313 1638 2346 1638 2346 1634 2346 1634 2346 1634 2346 1630 2346 1630 2346 1586 2328 1582 2324 1571 2328 1527 2350 1527 2350 1523 2350 1523 2350 1523 2350 1342 2357 1338 2357 1338 2357 1334 2357 1283 2346 1253 2339 1205 2350 1146 2361 1146 2361 1146 2361 1142 2361 1064 2357 868 2343 824 2372 817 2376 813 2376 813 2376 813 2376 809 2376 809 2376 809 2376 676 2380 672 2380 672 2380 669 2380 669 2380 669 2380 665 2380 665 2380 632 2357 580 2383 573 2387 573 2387 573 2387 569 2387 569 2387 565 2387 565 2387 565 2387 562 2387 562 2387 558 2387 491 2361 384 2394"/></Shape>
	    <String CONTENT="les fatigues du voyages, et bien relié."
                    HPOS="373"
                    VPOS="2176"
                    WIDTH="1827"
                    HEIGHT="218"></String>
          </TextLine>

          
          
          <TextLine ID="eSc_line_ee811c47"
                    TAGREFS="LT581"
                    BASELINE="391 2490 1723 2435 2932 2328" 
                    HPOS="384"
                    VPOS="2235"
                    WIDTH="2548"
                    HEIGHT="278">
            <Shape><Polygon POINTS="391 2490 384 2417 532 2417 543 2402 569 2383 569 2380 569 2380 573 2380 573 2380 573 2380 576 2380 576 2380 580 2380 580 2380 709 2391 743 2394 750 2391 795 2361 798 2361 798 2361 802 2361 802 2361 802 2361 990 2357 994 2357 994 2357 998 2357 998 2357 998 2357 1024 2372 1031 2376 1035 2369 1042 2361 1046 2361 1046 2357 1046 2357 1050 2357 1050 2357 1050 2357 1053 2357 1053 2357 1057 2357 1057 2357 1057 2357 1061 2357 1061 2357 1061 2357 1064 2357 1064 2357 1076 2369 1087 2376 1168 2361 1345 2328 1345 2328 1349 2328 1349 2328 1349 2328 1353 2328 1353 2328 1353 2328 1357 2328 1357 2328 1379 2346 1397 2361 1896 2332 2033 2302 2163 2276 2163 2276 2166 2276 2166 2276 2166 2276 2170 2276 2211 2287 2244 2298 2348 2280 2355 2280 2355 2280 2355 2280 2359 2280 2359 2280 2362 2280 2362 2280 2425 2295 2455 2272 2466 2261 2466 2261 2470 2261 2470 2261 2470 2261 2473 2261 2473 2261 2477 2261 2477 2261 2540 2265 2610 2272 2625 2261 2640 2250 2640 2247 2640 2247 2643 2247 2643 2247 2647 2247 2647 2247 2647 2247 2651 2247 2651 2247 2651 2247 2654 2247 2654 2247 2677 2258 2699 2265 2747 2254 2806 2235 2810 2235 2810 2235 2813 2235 2813 2235 2813 2235 2817 2235 2850 2247 2891 2258 2910 2239 2932 2328 2932 2350 2739 2365 2691 2402 2688 2402 2688 2402 2688 2402 2684 2402 2684 2402 2684 2402 2680 2402 2680 2402 2677 2402 2677 2402 2677 2402 2673 2402 2643 2383 2629 2402 2625 2402 2625 2405 2625 2405 2621 2405 2621 2405 2617 2405 2617 2405 2617 2405 2392 2417 2388 2417 2388 2417 2388 2417 2385 2417 2385 2417 2344 2398 2277 2428 2277 2428 2277 2428 2274 2428 2274 2428 2270 2428 1926 2428 1845 2454 1841 2454 1841 2454 1841 2454 1837 2454 1597 2450 1582 2468 1578 2468 1578 2472 1578 2472 1575 2472 1575 2472 1575 2472 1571 2472 1571 2472 1571 2472 1567 2472 1434 2465 1397 2483 1397 2483 1397 2483 1394 2483 1394 2483 1394 2483 1390 2483 1390 2483 1253 2465 1020 2502 1020 2502 1016 2502 1016 2502 1016 2502 1013 2502 946 2479 905 2505 902 2505 902 2505 902 2505 898 2505 898 2505 894 2505 894 2505 894 2505 817 2487 806 2487 391 2513"/></Shape>
	    <String CONTENT="ie suis bien sensible, mon reverend pere a votre"
                    HPOS="384"
                    VPOS="2235"
                    WIDTH="2548"
                    HEIGHT="278"></String>
          </TextLine>

          
          
          <TextLine ID="eSc_line_e05a43d5"
                    TAGREFS="LT581"
                    BASELINE="380 2642 654 2605 2292 2520 2984 2454" 
                    HPOS="366"
                    VPOS="2350"
                    WIDTH="2618"
                    HEIGHT="318">
            <Shape><Polygon POINTS="380 2642 366 2524 480 2535 525 2513 558 2494 562 2494 565 2494 569 2494 602 2505 639 2520 684 2502 724 2483 728 2483 1098 2461 1101 2461 1105 2461 1138 2472 1175 2479 1283 2461 1371 2446 1375 2446 1427 2450 1575 2468 1638 2439 1660 2428 1663 2428 1667 2428 1671 2428 1689 2435 1749 2454 1778 2428 1782 2424 1785 2424 1789 2424 1793 2424 1797 2424 1808 2428 1893 2450 2011 2417 2015 2417 2018 2417 2192 2431 2229 2402 2233 2402 2237 2402 2240 2402 2503 2413 2972 2350 2984 2454 2984 2479 2721 2494 2717 2502 2703 2513 2703 2516 2699 2516 2695 2516 2691 2516 2621 2509 2595 2505 2580 2509 2510 2539 2507 2539 2344 2550 2340 2550 2044 2550 1871 2550 1804 2568 1782 2572 1778 2572 1774 2572 1771 2572 1763 2568 1741 2557 1726 2572 1715 2579 1715 2583 1712 2583 1708 2583 1704 2583 1645 2579 1553 2568 1519 2587 1504 2598 1501 2598 1497 2598 1493 2598 1490 2598 1464 2590 1445 2587 1416 2594 1364 2609 1360 2609 1357 2609 1316 2601 1238 2587 839 2635 750 2646 746 2646 743 2646 735 2642 687 2620 587 2653 584 2653 580 2653 576 2653 525 2631 384 2668"/></Shape>
	    <String CONTENT="souvenir, qui nous fait demander de mes nouvelles"
                    HPOS="366"
                    VPOS="2350"
                    WIDTH="2618"
                    HEIGHT="318"></String>
          </TextLine>

          
          
          <TextLine ID="eSc_line_baa7acff"
                    TAGREFS="LT581"
                    BASELINE="395 2757 2865 2587" 
                    HPOS="380"
                    VPOS="2483"
                    WIDTH="2489"
                    HEIGHT="299">
            <Shape><Polygon POINTS="395 2757 380 2686 491 2646 495 2646 495 2646 495 2646 499 2646 499 2646 499 2646 595 2668 602 2668 746 2661 758 2653 817 2627 817 2627 820 2627 820 2627 820 2627 824 2627 824 2627 828 2627 828 2627 828 2627 865 2646 868 2646 872 2646 965 2612 968 2612 968 2612 968 2612 972 2612 1194 2620 1301 2620 1778 2590 1826 2564 1837 2561 1837 2561 1837 2561 1841 2561 1841 2561 1845 2561 1845 2561 1845 2561 1848 2561 1859 2564 1904 2575 1952 2557 1993 2539 1993 2539 1996 2539 1996 2539 1996 2539 2000 2539 2000 2539 2000 2539 2004 2539 2037 2550 2085 2564 2163 2539 2207 2524 2211 2524 2211 2524 2211 2524 2214 2524 2214 2524 2214 2524 2218 2524 2218 2524 2237 2531 2281 2550 2370 2550 2447 2516 2447 2516 2451 2516 2451 2516 2455 2516 2455 2516 2544 2524 2577 2505 2584 2498 2588 2498 2588 2498 2588 2498 2592 2498 2592 2498 2850 2483 2865 2587 2869 2598 2791 2624 2788 2624 2788 2624 2788 2624 2784 2624 2784 2624 2717 2612 2662 2646 2658 2646 2658 2646 2654 2646 2654 2646 2654 2646 2499 2653 2495 2653 2495 2653 2495 2653 2492 2653 2492 2653 2447 2635 2336 2668 2333 2668 2333 2668 2329 2668 2329 2668 2329 2668 2214 2646 2107 2675 2103 2675 2103 2675 2100 2675 2100 2675 1978 2661 1970 2661 1970 2661 1908 2697 1904 2697 1904 2697 1900 2697 1900 2697 1900 2697 1896 2697 1896 2697 1741 2679 1467 2712 1467 2712 1464 2712 1464 2712 1460 2712 1460 2712 1423 2697 1419 2697 1416 2697 1316 2738 1316 2738 1312 2738 1312 2738 1175 2746 1172 2746 1172 2746 1172 2746 1168 2746 1168 2746 1105 2720 1105 2720 1101 2720 1057 2742 1057 2742 1057 2742 1053 2742 1053 2742 1050 2742 1050 2742 1046 2742 1046 2742 1005 2727 1002 2727 998 2727 924 2753 920 2753 920 2753 920 2753 917 2753 917 2753 917 2753 913 2753 913 2753 909 2753 909 2753 887 2734 883 2734 846 2738 724 2753 669 2782 669 2782 669 2782 665 2782 665 2782 665 2782 661 2782 391 2768"/></Shape>
	    <String CONTENT="aus personnes que vous voyés de ce pays, elles"
                    HPOS="380"
                    VPOS="2483"
                    WIDTH="2489"
                    HEIGHT="299"></String>
          </TextLine>

          
          
          <TextLine ID="eSc_line_70f66337"
                    TAGREFS="LT581"
                    BASELINE="399 2893 680 2856 2211 2768 2913 2694" 
                    HPOS="384"
                    VPOS="2594"
                    WIDTH="2533"
                    HEIGHT="310">
            <Shape><Polygon POINTS="399 2893 384 2808 477 2801 477 2797 506 2771 506 2768 506 2768 510 2768 510 2768 510 2768 513 2768 513 2768 513 2768 517 2768 517 2768 636 2786 647 2786 650 2782 706 2742 706 2742 709 2742 709 2742 713 2742 713 2742 713 2742 717 2742 717 2742 865 2764 976 2734 979 2734 979 2734 983 2734 983 2734 983 2734 987 2734 1042 2749 1068 2757 1201 2753 1360 2742 1390 2720 1423 2697 1427 2697 1427 2697 1427 2697 1431 2697 1431 2697 1434 2697 1434 2697 1434 2697 1501 2709 1530 2686 1534 2686 1534 2686 1534 2686 1538 2686 1538 2686 1541 2686 1541 2686 1541 2686 1545 2686 1545 2686 1590 2705 1626 2720 1686 2720 1715 2694 1741 2672 1741 2672 1745 2672 1745 2672 1745 2672 1749 2672 1749 2672 1749 2672 1752 2672 1752 2672 1756 2672 1756 2672 1756 2672 1760 2672 1760 2672 1778 2686 1800 2701 1959 2701 1996 2668 2015 2653 2015 2653 2018 2653 2018 2653 2018 2653 2022 2653 2022 2653 2096 2649 2100 2649 2100 2649 2100 2649 2103 2649 2103 2649 2126 2657 2181 2683 2203 2661 2203 2661 2207 2661 2207 2661 2207 2661 2211 2661 2211 2661 2214 2661 2214 2661 2344 2672 2444 2635 2444 2635 2447 2635 2447 2635 2451 2635 2451 2635 2451 2635 2455 2635 2455 2635 2455 2635 2507 2661 2673 2612 2673 2612 2677 2612 2677 2612 2680 2612 2680 2612 2680 2612 2680 2612 2684 2612 2684 2612 2684 2612 2688 2612 2710 2631 2743 2605 2743 2605 2743 2605 2747 2605 2747 2605 2747 2605 2751 2605 2751 2605 2902 2594 2913 2694 2917 2723 2843 2757 2843 2757 2839 2757 2839 2757 2839 2757 2836 2757 2836 2757 2832 2757 2832 2757 2832 2757 2828 2757 2795 2734 2673 2760 2673 2760 2673 2764 2388 2764 2385 2764 2385 2764 2366 2779 2366 2782 2366 2782 2362 2782 2362 2782 2362 2782 2359 2782 2359 2782 2359 2782 2355 2782 2355 2782 2351 2782 2351 2782 2311 2768 2311 2768 2311 2768 2255 2797 2255 2797 2255 2797 2251 2797 2251 2797 2251 2797 2248 2797 2248 2797 2129 2782 2037 2812 2033 2812 2033 2812 2033 2812 2030 2812 1734 2812 1704 2834 1704 2834 1700 2834 1700 2834 1700 2834 1697 2834 1697 2834 1693 2834 1693 2834 1693 2834 1689 2834 1689 2834 1689 2834 1686 2834 1660 2816 1656 2812 1593 2819 1327 2856 1327 2856 1323 2856 1323 2856 1323 2856 1320 2856 1320 2856 1320 2856 1316 2856 1316 2856 1301 2842 1294 2838 1260 2845 1149 2864 1149 2864 1146 2864 1146 2864 1146 2864 1142 2864 1142 2864 1142 2864 1138 2864 1127 2853 1120 2849 1109 2856 1061 2879 1061 2879 1061 2879 1057 2879 1057 2879 1053 2879 1053 2879 961 2864 942 2864 902 2871 758 2897 758 2897 758 2897 399 2904"/></Shape>
	    <String CONTENT="me flatent, sans doute lorsquelles vous parlent,"
                    HPOS="384"
                    VPOS="2594"
                    WIDTH="2533"
                    HEIGHT="310"></String>
          </TextLine>

          
          
          <TextLine ID="eSc_line_3cdf0a85"
                    TAGREFS="LT581"
                    BASELINE="399 3019 765 2982 2115 2908 2832 2827" 
                    HPOS="384"
                    VPOS="2742"
                    WIDTH="2448"
                    HEIGHT="292">
            <Shape><Polygon POINTS="399 3019 384 2941 573 2893 573 2893 573 2893 576 2893 576 2893 761 2908 765 2908 769 2908 802 2879 802 2879 806 2879 806 2879 806 2879 809 2879 809 2879 813 2879 813 2879 813 2879 817 2879 880 2901 887 2901 891 2897 939 2867 942 2867 942 2867 942 2867 946 2867 946 2867 950 2867 950 2867 950 2867 954 2867 1020 2886 1046 2893 1157 2890 1260 2882 1286 2867 1312 2849 1316 2849 1316 2849 1320 2849 1320 2849 1320 2849 1323 2849 1323 2849 1327 2849 1364 2860 1382 2864 1394 2856 1419 2838 1423 2838 1423 2838 1423 2838 1427 2838 1427 2838 1427 2838 1431 2838 1431 2838 1434 2838 1434 2838 1434 2838 1438 2838 1460 2853 1479 2864 1734 2849 1782 2827 1804 2816 1804 2816 1808 2816 1808 2816 1808 2816 1811 2816 1811 2816 1815 2816 1815 2816 1815 2816 1819 2816 1819 2816 1826 2823 1841 2834 1867 2819 1882 2812 1882 2812 1882 2812 1885 2812 1885 2812 1885 2812 1889 2812 1930 2812 2063 2823 2129 2797 2166 2782 2166 2782 2170 2782 2170 2782 2174 2782 2174 2782 2233 2790 2281 2794 2425 2771 2540 2757 2540 2757 2544 2757 2544 2757 2577 2760 2699 2779 2817 2742 2832 2827 2832 2871 2584 2871 2440 2882 2425 2897 2414 2908 2414 2908 2414 2908 2410 2908 2410 2908 2407 2908 2407 2908 2407 2908 2403 2908 2403 2908 2399 2908 2362 2901 2336 2893 2292 2904 2229 2923 2226 2923 2226 2923 2222 2923 2222 2923 2137 2916 2133 2916 2129 2916 2103 2938 2103 2938 2100 2938 2100 2938 2096 2938 2096 2938 2096 2938 2092 2938 2092 2938 2089 2938 2089 2938 2089 2938 2052 2919 2052 2919 2048 2919 2000 2945 2000 2945 2000 2945 1996 2945 1996 2945 1623 2971 1619 2971 1619 2971 1615 2971 1545 2952 1538 2952 1523 2956 1357 2989 1357 2989 1357 2989 1353 2989 1353 2989 1349 2989 1283 2971 1272 2967 1249 2971 1153 3004 1149 3004 1149 3004 1149 3004 1146 3004 1146 3004 1039 2986 1005 2982 961 2993 909 3004 905 3004 905 3004 902 3004 902 3004 902 3004 865 2997 843 2993 835 3001 813 3023 813 3023 813 3026 813 3026 809 3026 809 3026 806 3026 806 3026 806 3026 802 3026 802 3026 802 3026 798 3026 739 3004 721 3001 695 3008 617 3034 613 3034 613 3034 613 3034 610 3034 610 3034 606 3034 606 3034 606 3034 569 3015 565 3015 399 3026"/></Shape>
	    <String CONTENT="contant de vous faire plaisir, et cest  a"
                    HPOS="384"
                    VPOS="2742"
                    WIDTH="2448"
                    HEIGHT="292"></String>
          </TextLine>

          
          
          <TextLine ID="eSc_line_0fd661a3"
                    TAGREFS="LT581"
                    BASELINE="410 3145 2015 3030 2673 2960" 
                    HPOS="395"
                    VPOS="2871"
                    WIDTH="2278"
                    HEIGHT="307">
            <Shape><Polygon POINTS="410 3145 395 3037 661 3019 665 3019 665 3019 665 3019 669 3019 739 3041 887 3012 887 3012 887 3012 891 3012 891 3012 979 3026 1135 2993 1135 2993 1135 2993 1138 2993 1138 2993 1138 2993 1216 3008 1260 2975 1268 2967 1268 2967 1272 2967 1272 2967 1272 2967 1275 2967 1275 2967 1279 2967 1279 2967 1279 2967 1301 2971 1345 2982 1357 2967 1357 2964 1357 2964 1360 2964 1360 2960 1360 2960 1364 2960 1364 2960 1364 2960 1368 2960 1368 2960 1475 2952 1479 2952 1479 2952 1479 2952 1482 2952 1497 2956 1560 2978 1608 2952 1608 2952 1608 2952 1612 2952 1612 2952 1612 2952 1615 2952 1615 2952 1615 2952 1619 2952 1619 2952 1623 2952 1660 2975 1693 2952 1697 2952 1697 2952 1700 2952 1700 2952 1700 2952 1704 2952 1878 2956 1908 2927 1915 2923 1915 2919 1915 2919 1919 2919 1919 2919 1919 2919 1922 2919 1922 2919 1926 2919 1926 2919 1926 2919 1930 2919 1930 2919 1944 2923 1996 2949 2063 2916 2089 2904 2089 2904 2089 2904 2092 2904 2092 2904 2096 2904 2096 2904 2148 2912 2277 2927 2473 2912 2510 2886 2525 2871 2525 2871 2529 2871 2529 2871 2529 2871 2532 2871 2532 2871 2536 2871 2666 2875 2673 2960 2669 2986 2407 3004 2403 3008 2355 3045 2355 3045 2351 3045 2351 3045 2348 3045 2348 3045 2348 3045 2344 3045 2344 3045 2181 3026 2181 3026 2181 3026 2096 3063 2096 3063 2092 3063 2092 3063 2092 3063 2089 3063 2089 3063 2089 3063 2085 3063 2085 3063 2030 3041 1922 3049 1874 3082 1871 3082 1871 3082 1871 3082 1867 3082 1867 3082 1863 3082 1863 3082 1863 3082 1859 3082 1859 3082 1815 3063 1723 3093 1719 3093 1719 3093 1719 3093 1715 3093 1715 3093 1712 3093 1712 3093 1712 3093 1708 3093 1708 3093 1671 3063 1671 3063 1671 3063 1604 3097 1604 3097 1601 3097 1601 3097 1601 3097 1597 3097 1597 3097 1497 3082 1479 3108 1475 3108 1475 3111 1475 3111 1471 3111 1471 3111 1471 3111 1467 3111 1467 3111 1382 3119 1379 3119 1379 3119 1379 3119 1375 3119 1375 3119 1308 3093 1279 3111 1275 3111 1275 3111 1275 3111 1272 3111 1272 3111 1268 3111 1268 3111 1268 3111 1205 3100 1201 3100 1201 3100 1149 3137 1146 3137 1146 3137 1146 3137 1142 3137 1142 3137 1138 3137 1138 3137 1138 3137 1027 3115 1024 3115 854 3122 846 3126 758 3167 758 3167 754 3167 754 3167 754 3167 750 3167 750 3167 750 3167 746 3167 746 3167 743 3167 706 3145 613 3178 613 3178 610 3178 610 3178 606 3178 606 3178 606 3178 602 3178 528 3152 525 3152 410 3159"/></Shape>
	    <String CONTENT="vous, que iay lobligation, du bien quelles"
                    HPOS="395"
                    VPOS="2871"
                    WIDTH="2278"
                    HEIGHT="307"></String>
          </TextLine>

          
          
          <TextLine ID="eSc_line_e2b6ebef"
                    TAGREFS="LT581"
                    BASELINE="410 3270 2810 3089" 
                    HPOS="399"
                    VPOS="2986"
                    WIDTH="2411"
                    HEIGHT="318">
            <Shape><Polygon POINTS="410 3270 399 3196 510 3171 510 3171 510 3171 513 3171 639 3174 698 3174 728 3167 843 3130 846 3130 846 3130 846 3130 1024 3119 1027 3119 1027 3119 1027 3119 1031 3119 1031 3119 1072 3137 1094 3145 1142 3130 1235 3100 1238 3100 1238 3100 1238 3100 1242 3100 1242 3100 1246 3100 1246 3100 1246 3100 1279 3119 1279 3119 1279 3119 1297 3100 1297 3100 1301 3100 1301 3100 1301 3100 1305 3100 1305 3100 1308 3100 1475 3100 1675 3100 1752 3074 1771 3071 1774 3071 1774 3071 1774 3071 1778 3071 1778 3071 1782 3071 1782 3071 1782 3071 1785 3071 1785 3074 1811 3089 1900 3067 1904 3067 1904 3067 1908 3067 1908 3067 1908 3067 1911 3067 1952 3078 1967 3060 1970 3060 1970 3056 1970 3056 1970 3056 1974 3056 1974 3056 1974 3056 1978 3056 1978 3056 1981 3056 1981 3056 1981 3056 1989 3056 2067 3071 2085 3056 2085 3052 2085 3052 2089 3052 2089 3052 2089 3052 2092 3052 2092 3052 2096 3052 2096 3052 2096 3052 2100 3052 2137 3063 2159 3041 2166 3034 2166 3034 2166 3030 2166 3030 2170 3030 2170 3030 2174 3030 2174 3030 2174 3030 2177 3030 2177 3030 2214 3034 2314 3052 2392 3019 2403 3015 2403 3015 2407 3015 2407 3015 2407 3015 2410 3015 2410 3015 2410 3015 2425 3015 2510 3037 2558 3004 2562 3001 2566 3001 2566 3001 2566 3001 2569 3001 2569 3001 2569 3001 2573 3001 2573 3001 2573 3001 2588 3004 2632 3012 2799 2986 2810 3089 2806 3115 2617 3115 2566 3137 2525 3152 2525 3152 2521 3152 2521 3152 2521 3152 2518 3152 2407 3148 2299 3145 2048 3178 1834 3204 1834 3204 1830 3204 1767 3200 1660 3189 1619 3211 1593 3222 1593 3222 1593 3222 1590 3222 1590 3222 1590 3222 1586 3222 1586 3222 1582 3222 1582 3222 1582 3222 1578 3222 1567 3215 1541 3196 1512 3219 1501 3230 1501 3230 1497 3230 1497 3230 1497 3230 1493 3230 1493 3230 1394 3237 1390 3237 1390 3237 1386 3237 1360 3230 1297 3215 1231 3241 1201 3252 1201 3252 1198 3252 1198 3252 1198 3252 1194 3252 1194 3252 1190 3252 1164 3244 1098 3230 732 3278 732 3278 728 3278 728 3278 724 3278 669 3263 580 3292 565 3296 562 3296 562 3296 562 3296 558 3296 558 3296 558 3296 554 3296 554 3296 550 3296 550 3292 513 3274 414 3304"/></Shape>
	    <String CONTENT="vous disent de moy. sur ce que vous me faites"
                    HPOS="399"
                    VPOS="2986"
                    WIDTH="2411"
                    HEIGHT="318"></String>
          </TextLine>

          
          
          <TextLine ID="eSc_line_5e2350e1"
                    TAGREFS="LT581"
                    BASELINE="417 3396 1837 3296 2850 3200" 
                    HPOS="403"
                    VPOS="3104"
                    WIDTH="2447"
                    HEIGHT="329">
            <Shape><Polygon POINTS="417 3396 403 3318 510 3281 513 3281 513 3281 513 3281 517 3281 517 3281 521 3281 521 3281 584 3304 584 3304 584 3304 610 3281 610 3281 613 3281 613 3281 613 3281 617 3281 617 3281 617 3281 621 3281 754 3289 758 3289 758 3289 795 3267 798 3267 798 3267 802 3267 802 3267 802 3267 806 3267 806 3267 806 3267 872 3281 891 3285 905 3278 979 3244 979 3244 979 3244 983 3244 983 3244 987 3244 987 3244 987 3244 990 3244 990 3244 1046 3267 1053 3270 1068 3267 1124 3248 1127 3248 1127 3248 1127 3248 1131 3248 1131 3248 1190 3256 1212 3259 1227 3256 1312 3219 1312 3219 1316 3219 1316 3219 1320 3219 1320 3219 1320 3219 1323 3219 1397 3241 1412 3244 1467 3237 1645 3204 1645 3204 1649 3204 1649 3204 1649 3204 1652 3204 1652 3204 1652 3204 1656 3204 1656 3204 1675 3219 1678 3222 1959 3204 1963 3196 1989 3171 1989 3171 1989 3167 1989 3167 1993 3167 1993 3167 1996 3167 1996 3167 2067 3159 2070 3159 2070 3159 2226 3178 2244 3178 2266 3174 2351 3152 2355 3152 2355 3152 2359 3152 2359 3152 2359 3152 2414 3163 2425 3163 2433 3159 2488 3134 2488 3134 2488 3134 2492 3134 2492 3134 2495 3134 2495 3134 2495 3134 2499 3134 2499 3134 2499 3134 2503 3134 2529 3152 2536 3156 2625 3152 2632 3145 2673 3111 2673 3111 2677 3111 2677 3111 2677 3111 2680 3111 2680 3111 2773 3104 2776 3104 2776 3104 2776 3104 2780 3104 2780 3104 2847 3130 2850 3200 2847 3219 2703 3233 2636 3270 2636 3270 2636 3270 2632 3270 2632 3270 2629 3270 2629 3270 2458 3252 2455 3252 2451 3252 2355 3292 2355 3292 2351 3292 2351 3292 2351 3292 2348 3292 2133 3278 2133 3278 2133 3278 2103 3304 2103 3307 2103 3307 2100 3307 2100 3307 2100 3307 2096 3307 2096 3307 2096 3307 2092 3307 2092 3307 1981 3292 1752 3329 1752 3329 1749 3329 1749 3329 1749 3329 1745 3329 1693 3315 1556 3355 1553 3355 1553 3355 1549 3355 1157 3355 1127 3355 1113 3359 946 3400 942 3400 942 3400 939 3400 939 3400 939 3400 935 3400 868 3377 802 3400 798 3400 798 3400 798 3400 795 3400 795 3400 724 3389 721 3389 713 3389 569 3433 565 3433 565 3433 565 3433 562 3433 562 3433 414 3411"/></Shape>
	    <String CONTENT="la grace de me dire, que vous etes surpris que"
                    HPOS="403"
                    VPOS="3104"
                    WIDTH="2447"
                    HEIGHT="329"></String>
          </TextLine>

          
          
          <TextLine ID="eSc_line_0dc06bf0"
                    TAGREFS="LT581"
                    BASELINE="425 3511 2196 3396 2887 3329" 
                    HPOS="414"
                    VPOS="3237"
                    WIDTH="2473"
                    HEIGHT="296">
            <Shape><Polygon POINTS="425 3511 414 3440 521 3414 521 3414 521 3414 525 3414 525 3414 525 3414 580 3426 584 3426 584 3426 610 3400 610 3400 610 3396 610 3396 613 3396 613 3396 617 3396 617 3396 617 3396 621 3396 739 3403 765 3381 765 3377 765 3377 769 3377 769 3377 769 3377 772 3377 772 3377 776 3377 776 3377 776 3377 891 3400 917 3403 924 3396 968 3363 968 3363 972 3363 972 3363 972 3363 976 3363 976 3363 979 3363 1231 3370 1338 3374 1368 3359 1397 3341 1401 3341 1401 3341 1405 3341 1405 3341 1405 3341 1408 3341 1408 3341 1408 3341 1464 3352 1512 3363 1704 3348 1756 3329 1826 3304 1830 3304 1830 3304 1830 3304 1834 3304 1834 3304 1834 3304 1837 3304 1878 3318 1926 3333 2266 3292 2266 3292 2270 3292 2270 3292 2274 3292 2274 3292 2311 3307 2385 3274 2418 3263 2418 3263 2421 3263 2421 3263 2421 3263 2425 3263 2503 3267 2643 3274 2673 3252 2680 3244 2680 3244 2684 3244 2684 3244 2684 3244 2688 3244 2688 3244 2688 3244 2876 3237 2887 3329 2887 3348 2688 3359 2680 3366 2636 3396 2632 3396 2632 3396 2632 3396 2629 3396 2629 3396 2629 3396 2625 3396 2418 3389 2240 3422 2240 3422 2240 3422 2237 3422 2041 3414 1993 3414 1922 3418 1922 3422 1885 3448 1885 3448 1882 3448 1882 3448 1878 3448 1878 3448 1878 3448 1874 3448 1874 3448 1752 3433 1741 3433 1715 3437 1501 3474 1501 3474 1501 3474 1497 3474 1334 3462 1290 3462 1161 3477 931 3503 931 3503 928 3503 865 3499 824 3496 791 3503 698 3529 695 3529 695 3529 587 3533 584 3533 584 3533 580 3533 580 3533 580 3533 558 3522 536 3511 425 3529"/></Shape>
	    <String CONTENT="ie tarde tant a me marier, ie vous diray fort"
                    HPOS="414"
                    VPOS="3237"
                    WIDTH="2473"
                    HEIGHT="296"></String>
          </TextLine>

          
          
          <TextLine ID="eSc_line_cbc2ce42"
                    TAGREFS="LT588"
                    BASELINE="1875 3479 2045 3468" 
                    HPOS="1859"
                    VPOS="3389"
                    WIDTH="185"
                    HEIGHT="129">
            <Shape><Polygon POINTS="1874 3477 1859 3418 1919 3389 1919 3389 1919 3389 1922 3389 1922 3389 1926 3389 2037 3389 2044 3466 2044 3477 1874 3518"/></Shape>
	    <String CONTENT="fort"
                    HPOS="1859"
                    VPOS="3389"
                    WIDTH="185"
                    HEIGHT="129"></String>
          </TextLine>

          
          
          <TextLine ID="eSc_line_2ef8968a"
                    TAGREFS="LT581"
                    BASELINE="428 3644 1800 3529 2902 3462" 
                    HPOS="417"
                    VPOS="3363"
                    WIDTH="2485"
                    HEIGHT="306">
            <Shape><Polygon POINTS="428 3644 417 3566 517 3559 521 3555 610 3511 610 3511 610 3511 613 3511 613 3511 617 3511 617 3511 617 3511 743 3536 761 3540 769 3536 806 3507 809 3507 809 3507 809 3507 813 3507 813 3507 813 3507 817 3507 898 3511 957 3485 957 3485 961 3485 961 3485 961 3485 1057 3481 1061 3481 1061 3481 1064 3481 1064 3481 1064 3481 1068 3481 1068 3481 1101 3507 1105 3511 1253 3507 1597 3481 1612 3466 1645 3437 1645 3433 1645 3433 1649 3433 1649 3433 1652 3433 1652 3433 1652 3433 1804 3426 1808 3426 1808 3426 1808 3426 1811 3426 1811 3426 1852 3444 1896 3414 1900 3414 1900 3414 1900 3414 1904 3414 1904 3414 2089 3403 2092 3403 2092 3403 2092 3403 2096 3403 2096 3403 2100 3403 2133 3422 2152 3437 2177 3418 2185 3414 2189 3414 2189 3414 2189 3414 2192 3414 2192 3414 2196 3414 2244 3414 2396 3418 2444 3400 2473 3385 2473 3385 2477 3385 2477 3385 2477 3385 2481 3385 2481 3385 2484 3385 2484 3385 2484 3385 2488 3385 2499 3392 2521 3407 2629 3381 2643 3381 2643 3381 2643 3381 2647 3381 2647 3381 2654 3381 2747 3392 2891 3363 2902 3462 2902 3481 2418 3529 2418 3529 2414 3529 2414 3529 2410 3529 2381 3522 2318 3507 2081 3544 1970 3562 1970 3562 1967 3562 1893 3559 1726 3551 1590 3584 1560 3588 1560 3588 1560 3588 1223 3614 1220 3614 1220 3614 1220 3614 1216 3614 1216 3614 1216 3614 1212 3614 1212 3610 1190 3599 1175 3614 1168 3618 1168 3621 1168 3621 1164 3621 1164 3621 1164 3621 1161 3621 1161 3621 979 3636 976 3636 976 3636 976 3636 972 3636 954 3633 894 3614 428 3669"/></Shape>
	    <String CONTENT="sincerement, que ie me trouve heureus etant sans"
                    HPOS="417"
                    VPOS="3363"
                    WIDTH="2485"
                    HEIGHT="306"></String>
          </TextLine>

          
          
          <TextLine ID="eSc_line_f1575bfd"
                    TAGREFS="LT581"
                    BASELINE="425 3758 2891 3562" 
                    HPOS="406"
                    VPOS="3455"
                    WIDTH="2485"
                    HEIGHT="348">
            <Shape><Polygon POINTS="425 3758 406 3684 462 3647 465 3647 465 3647 465 3647 469 3647 469 3647 632 3633 636 3633 636 3633 787 3651 817 3651 850 3644 920 3625 924 3625 924 3625 928 3625 1020 3629 1090 3629 1124 3618 1201 3588 1201 3588 1205 3588 1205 3588 1209 3588 1209 3588 1209 3588 1212 3588 1212 3588 1257 3607 1279 3614 1508 3599 1553 3577 1604 3555 1604 3555 1608 3555 1608 3555 1612 3555 1815 3555 2055 3555 2096 3525 2115 3514 2118 3514 2118 3514 2118 3514 2122 3514 2122 3514 2126 3514 2126 3514 2126 3514 2129 3514 2155 3522 2211 3536 2351 3533 2425 3496 2444 3488 2444 3488 2447 3488 2447 3488 2447 3488 2451 3488 2492 3488 2680 3503 2873 3455 2891 3562 2891 3577 2795 3607 2791 3607 2791 3607 2791 3607 2788 3607 2788 3607 2784 3607 2732 3592 2714 3588 2695 3596 2654 3614 2654 3614 2651 3614 2651 3614 2651 3618 2481 3618 2348 3618 2240 3636 2059 3673 2059 3673 2059 3673 2055 3673 1911 3669 1837 3666 1826 3677 1811 3688 1811 3692 1811 3692 1808 3692 1808 3692 1808 3692 1804 3692 1804 3692 1638 3706 1634 3706 1634 3706 1634 3706 1630 3706 1630 3706 1630 3706 1608 3695 1575 3681 1479 3684 1120 3740 990 3758 990 3758 987 3758 987 3758 961 3754 917 3747 905 3762 905 3762 902 3762 902 3766 902 3766 898 3766 898 3766 898 3766 894 3766 894 3766 891 3766 891 3766 891 3766 887 3766 887 3766 880 3762 824 3740 765 3773 761 3777 758 3777 758 3777 754 3777 754 3777 754 3777 750 3777 750 3777 735 3777 624 3754 428 3803"/></Shape>
	    <String CONTENT="femme, et quainsi ie crois que ie fairois fort mal"
                    HPOS="406"
                    VPOS="3455"
                    WIDTH="2485"
                    HEIGHT="348"></String>
          </TextLine>

          
          
          <TextLine ID="eSc_line_b0d0f2d1"
                    TAGREFS="LT581"
                    BASELINE="421 3876 1782 3773 2651 3666 2832 3655" 
                    HPOS="406"
                    VPOS="3581"
                    WIDTH="2426"
                    HEIGHT="318">
            <Shape><Polygon POINTS="421 3876 406 3810 499 3769 499 3769 502 3769 502 3769 506 3769 506 3769 506 3769 510 3769 580 3791 665 3754 665 3754 669 3754 669 3754 669 3754 672 3754 672 3754 776 3773 839 3743 839 3743 839 3743 843 3743 843 3743 846 3743 846 3743 990 3754 1035 3721 1035 3721 1039 3721 1039 3721 1039 3721 1042 3721 1042 3721 1046 3721 1257 3721 1412 3692 1412 3692 1412 3692 1416 3692 1416 3692 1530 3706 1534 3706 1541 3706 1689 3673 1689 3673 1689 3673 1693 3673 1693 3673 1774 3684 1774 3684 1774 3684 1815 3651 1815 3651 1819 3651 1819 3651 1819 3651 1822 3651 1822 3651 1826 3651 1826 3651 1826 3651 1915 3669 1985 3640 1985 3640 1989 3640 1989 3640 1989 3640 1993 3640 1993 3640 1996 3640 1996 3640 1996 3640 2000 3640 2033 3662 2037 3662 2196 3651 2226 3644 2610 3581 2610 3581 2614 3581 2825 3592 2832 3655 2832 3669 2377 3714 2292 3751 2292 3751 2288 3751 2288 3751 2285 3751 2044 3751 2004 3777 2000 3777 2000 3777 2000 3777 1996 3777 1996 3777 421 3899"/></Shape>
	    <String CONTENT="de risquer de ne letre pas tant, en ayant une."
                    HPOS="406"
                    VPOS="3581"
                    WIDTH="2426"
                    HEIGHT="318"></String>
          </TextLine>

          
          
          <TextLine ID="eSc_line_5bc4d33a"
                    TAGREFS="LT581"
                    BASELINE="417 3987 1360 3899 1948 3862 2658 3766 2961 3740" 
                    HPOS="403"
                    VPOS="3662"
                    WIDTH="2558"
                    HEIGHT="340">
            <Shape><Polygon POINTS="417 3987 403 3921 462 3888 462 3888 462 3888 465 3888 465 3888 465 3888 469 3888 610 3899 613 3899 624 3899 843 3851 843 3851 843 3851 846 3851 846 3851 939 3865 942 3865 954 3865 1098 3825 1101 3825 1101 3825 1105 3825 1105 3825 1105 3825 1109 3825 1164 3843 1172 3843 1427 3821 1438 3814 1504 3784 1504 3784 1508 3784 1508 3784 1508 3784 1512 3784 1512 3784 1604 3799 1623 3799 1941 3769 1952 3762 2030 3732 2030 3732 2033 3732 2033 3732 2033 3732 2037 3732 2037 3732 2122 3743 2144 3747 2532 3710 2558 3699 2662 3669 2666 3669 2666 3669 2666 3669 2950 3662 2961 3740 2961 3766 2850 3766 2825 3777 2776 3799 2776 3799 2773 3799 2773 3799 2773 3799 2769 3799 2769 3799 2765 3799 2717 3788 2691 3780 2521 3791 2499 3806 2481 3821 2477 3821 2477 3821 2477 3821 2473 3821 2473 3821 1841 3891 1841 3891 1523 3899 1479 3899 1475 3902 1438 3932 1438 3932 1434 3932 1434 3932 1434 3932 1431 3932 1431 3932 1427 3932 1427 3932 1427 3932 1353 3917 1338 3913 1327 3917 1253 3950 1253 3950 1249 3950 1249 3950 1249 3950 1246 3950 1246 3950 1242 3950 1242 3950 1242 3950 1201 3928 1194 3928 1113 3932 1098 3939 990 3976 987 3976 987 3976 987 3976 983 3976 983 3976 979 3976 979 3976 924 3954 917 3954 868 3961 647 3998 647 3998 647 3998 417 4002"/></Shape>
	    <String CONTENT="et ie ne crois pas que lon soit obligé de suivre lusage"
                    HPOS="403"
                    VPOS="3662"
                    WIDTH="2558"
                    HEIGHT="340"></String>
          </TextLine>

          
          
          <TextLine ID="eSc_line_fd0745ad"
                    TAGREFS="LT581"
                    BASELINE="428 4087 2998 3869" 
                    HPOS="421"
                    VPOS="3766"
                    WIDTH="2577"
                    HEIGHT="362">
            <Shape><Polygon POINTS="428 4087 421 4009 506 4009 525 3998 595 3965 595 3965 599 3965 599 3965 599 3965 602 3965 602 3965 602 3965 606 3965 661 3984 680 3991 706 3980 772 3950 772 3950 776 3950 776 3950 776 3950 780 3950 780 3950 780 3950 783 3950 783 3950 828 3969 846 3976 1116 3958 1135 3939 1157 3921 1157 3917 1157 3917 1161 3917 1161 3917 1164 3917 1164 3917 1164 3917 1168 3917 1168 3917 1172 3917 1223 3932 1257 3939 1290 3924 1342 3902 1342 3902 1345 3902 1345 3902 1345 3902 1349 3902 1453 3910 1556 3917 1630 3891 1689 3873 1693 3873 1693 3873 1697 3873 1789 3873 1789 3873 1789 3873 1793 3873 1793 3873 1793 3873 1797 3873 1797 3873 1800 3876 1826 3895 2059 3876 2081 3851 2089 3843 2089 3843 2089 3839 2089 3839 2092 3839 2092 3839 2092 3839 2096 3839 2096 3839 2100 3839 2100 3839 2100 3839 2133 3843 2189 3854 2259 3832 2296 3821 2299 3821 2299 3821 2299 3821 2303 3821 2355 3825 2514 3836 2617 3799 2640 3791 2640 3791 2643 3791 2643 3791 2647 3791 2647 3791 2680 3791 2802 3803 2984 3766 2998 3869 2998 3939 2865 3950 2862 3950 2862 3950 2862 3950 2858 3950 2858 3950 2732 3913 2695 3936 2691 3936 2691 3936 2688 3936 2688 3936 2688 3936 2551 3939 2499 3976 2492 3984 2488 3984 2488 3984 2488 3984 2484 3984 2484 3984 2484 3984 2481 3984 2481 3984 2477 3984 2462 3980 2381 3961 2111 3965 2004 4013 2004 4013 2004 4013 2000 4013 2000 4013 2000 4013 1996 4013 1996 4013 1996 4013 1993 4013 1874 3984 1667 4002 1545 4046 1486 4069 1486 4069 1482 4069 1482 4069 1116 4098 1113 4098 1113 4098 1113 4098 1109 4098 1109 4098 1068 4083 1005 4058 876 4098 857 4102 854 4102 854 4102 854 4102 850 4102 850 4102 846 4102 846 4102 846 4102 839 4098 791 4076 432 4128"/></Shape>
	    <String CONTENT="ordinaire, en cela, ny en toute autre chose, pour veuque"
                    HPOS="421"
                    VPOS="3766"
                    WIDTH="2577"
                    HEIGHT="362"></String>
          </TextLine>

          
        </TextBlock>
        
        <TextBlock HPOS="2455"
                   VPOS="872"
                   WIDTH="203"
                   HEIGHT="85"
                   ID="eSc_textblock_827e38a8"
                   TAGREFS="BT1724">
          <Shape><Polygon POINTS="2614 872 2658 912 2629 957 2455 957 2470 872"/></Shape>
          
          
          <TextLine ID="eSc_line_0310f022"
                    TAGREFS="LT581"
                    BASELINE="2458 946 2643 938" 
                    HPOS="2447"
                    VPOS="857"
                    WIDTH="196"
                    HEIGHT="118">
            <Shape><Polygon POINTS="2458 946 2447 868 2632 857 2643 938 2643 968 2458 975"/></Shape>
	    <String CONTENT="100"
                    HPOS="2447"
                    VPOS="857"
                    WIDTH="196"
                    HEIGHT="118"></String>
          </TextLine>

          
        </TextBlock>
        
        <TextBlock HPOS="2300"
                   VPOS="2471"
                   WIDTH="393"
                   HEIGHT="217"
                   ID="eSc_textblock_6c6ef501"
                   TAGREFS="BT1760">
          <Shape><Polygon POINTS="2317 2531 2300 2688 2693 2606 2676 2471"/></Shape>
          
        </TextBlock>
        

        
      </PrintSpace>
    </Page>
  </Layout>
</alto>
