3339 4435
539 731 2341 300 prendre une femme, pourveu quelle ait toutes

513 857 2419 273 les vertus de mr de st ferriol. ie crains cependa

513 1001 2315 237 de vous ennuyer, mon reverend pere, et sans

506 1097 2415 251 cette crainte ie vous en dirois bien davantage

510 1212 2422 284 mais il faut pourtant que vous me permetie

506 1323 2426 266 de vous parler, de trois autres branches de ducu

488 1426 2444 318 la branche ainée de ces mrs, est mr ducup, dice

484 1563 2444 288 lieutenant colonel dun vieus regiment, autant

484 1677 2448 289 estimé et aimé dans le service, que dans la

477 1788 2451 318 province, qui a epousé une fille de mr datron

473 1895 2455 333 gentilhomme des plus  estimables que nous

465 2021 2459 307 ayons dans ce pays. la seconde branche est mr

443 2139 2485 307 ducup saluasa qui demeure a Carne riche de

443 2276 2467 307 trois ou quatre cent mile francs, qui a quatre

447 2409 2492 277 ou cinq garcons, dont il a marié lainé avec un

432 2498 2459 296 sœur dun president au mortier de toulouse

451 2594 2484 318 et le second, est marié avec une heritiere del

440 2731 2370 299 maison de moussoulens de st jean. il y a une

454 2797 2470 340 troisieme branche qui est mr ducup president et ingemag

451 2930 2425 322 a castelnau petite ville a quatre lieus de carne

454 3030 2463 314 et mr du cup beau pere de me votre niece,est

443 3171 2478 317 frere, de mr du cup saluasa qui a commencé la
