3339 4435
2669 827 193 148 106

458 1482 2492 266 quatrieme branche, et que ie souhaite de tout

458 1655 2418 229 mon coeur que me de st ferriol soubiene ; son

454 1814 2356 192 epous etanble seul garçon, et nayant quune

425 1955 2551 181 sœur qui est mariée. il faut encore dire une

421 2065 2433 189 chose a lhonneur de touts ces mrs de ducup,

406 2165 2544 240 cest quon ne sauroit dire dans quelle branche

373 2272 63 200 ils

443 2335 2322 192 sont les plus honetes gents; ils sont touts les

432 2402 2418 266 meilleures gents du onde, et touts remplis

428 2527 2474 274 de merite et de probite. vous voyés mon

447 2646 2477 288 reverend pere, par tout ce que iay lhonneur

436 2768 2562 310 de vous dire de ces mrs que iay une grande

443 2893 2426 363 obligation a me votre niece de mavoir

454 3030 2345 362 procuré lavantage dentrer dans leur

440 3315 517 218 aliance.

465 3285 2334 366 Me et mr daoustene voulussent bien que

480 3426 2326 365 ieusse lhonneur dacompagner la future

462 3544 2448 395 epouse a leglise, et elle voulut bien me

484 3703 2451 369 faire lhoneur et déplaisir de venir coucher
