3339 4435
2580 713 211 151 124

377 1829 2448 218 J'ay une grande obligation a Monsieur de Roufia, mon

414 1980 2388 182 tres Révérend pere, d'avoir voulu me fournir une occasion

384 2073 2551 207 de me donner lhonneur de vous écrire, je n'aurois eu garde

384 2169 2433 248 de prendre la liberté de vous derober un moment de

384 2298 2522 229 votre temps que vous employés si utilement, et avec un

366 2417 2581 236 succés qui augmente votre reputation, et l'étend jusque,

358 2535 2611 262 dans les Cours étrangeres ; mais j'espére, mon Reverend pere

358 2683 2492 240 et mon tres cher oncle, que ma lettre ne vous sera pas

347 2786 2566 263 desagréable, vous étant présentée par un parent tel que

329 2930 2496 244 Monsieur de Roufia. je suis charmée de pouvoir vous

358 3023 2496 292 témoigner la joye que nous avons tous dans la famille, et

369 3156 2481 270 moy en particulier, de la justice que lon rend tous les

373 3281 2522 289 jours à vôtre merite, et a votre science : je vous supplie

369 3381 2615 318 mon Reverend pere, et mon tres cher oncle, d'être persuadé

380 3540 2548 299 que je ne cede a aucun de la famille dans les sentimens
