3339 4435
602 1552 1402 218 Mon Tres Reverend pere

617 2054 2333 163 Nouveaux besoins, nouvelle importunitez de ma part.

576 2187 2378 130 mais comme je conois Votre politesse Je m adresse a Votre

550 2272 1912 137 Reverence avec ma confiance ordinaire

702 2387 2196 144 J'ai trouvé chez Mes Arméniens quelques ouvrages

587 2490 2356 122 de St Gregoire de Naxianze dont sa Version Armenienne

587 2568 2171 141 est du 8^eme siécle. Jai cherché dans l'Abbé de Billy

599 2668 2263 140 J y ai trouvé grande partie des piéces contenues dans

602 2749 2304 148 mon Manuscrit mais je n'y ai point rencontré celles

587 2849 570 129 qui suivent.

617 2949 2307 148 I° Un discours sur La foi qui commence par ces paroles

636 3056 2240 140 Quando Video nunc calumnias, hodionors philosophos, et

647 3137 798 93 Antichristos Theologos

584 3182 2266 133 II° Un discours fait pour prouver que Le pere n'est pas

602 3278 2030 125 plus grand que Le fils.

573 3374 2311 111 III° Une Troisieme Lettre a Cledonius Elle comence

687 3455 2182 148 par ces mots Vontrem <> Ventrem meum

702 3551 1095 111 doleo ; et sensus mei de.

624 3629 2323 144 Je Vous prie Mon Tres Reverend pere de me marquer

595 3721 2315 133 Si ces piéces seroient dans L Edition de Votre S^t Gregoire

617 3832 2263 115 aussi bien qu'un Eloge funebre fait et prononcé par

610 3899 2340 140 ce meme S^t au Concile de Constantinople en L honeur

606 3995 2222 129 de St Melece qui y mourut. aussi bien qu'un discours

610 4069 2359 125 pour exhorter a parler d une manière sages ce discours

2654 905 174 152 141
