<?xml version="1.0" encoding="UTF-8"?>
<alto xmlns:xsi="http://www.w3.org/2001/XMLSchema-instance"
      xmlns="http://www.loc.gov/standards/alto/ns-v4#"
      xsi:schemaLocation="http://www.loc.gov/standards/alto/ns-v4# http://www.loc.gov/standards/alto/v4/alto-4-2.xsd">
  <Description>
    <MeasurementUnit>pixel</MeasurementUnit>
    <sourceImageInformation>
      <fileName>f334.jpeg</fileName>
      
    </sourceImageInformation>
  </Description>
  
  <Tags>
    <OtherTag ID="BT1721" LABEL="MainZone" DESCRIPTION="block type MainZone"/><OtherTag ID="BT1722" LABEL="StampZone" DESCRIPTION="block type StampZone"/><OtherTag ID="BT1724" LABEL="NumberingZone" DESCRIPTION="block type NumberingZone"/><OtherTag ID="BT1760" LABEL="DamageZone:hole" DESCRIPTION="block type DamageZone:hole"/>
    <OtherTag ID="LT581" LABEL="DefaultLine" DESCRIPTION="line type DefaultLine"/><OtherTag ID="LT588" LABEL="InterlinearLine" DESCRIPTION="line type InterlinearLine"/>
  </Tags>
  
  <Layout>
    <Page WIDTH="3339"
          HEIGHT="4435"
          PHYSICAL_IMG_NR="11"
          ID="eSc_dummypage_">
      <PrintSpace HPOS="0"
                  VPOS="0"
                  WIDTH="3339"
                  HEIGHT="4435">
        
        <TextBlock HPOS="517"
                   VPOS="487"
                   WIDTH="2570"
                   HEIGHT="3012"
                   ID="eSc_textblock_ac0d005a"
                   TAGREFS="BT1721">
          <Shape><Polygon POINTS="2466 502 3057 576 3087 1341 3028 3499 621 3455 517 3411 606 3233 606 1463 665 1282 695 591 1242 487"/></Shape>
          
          
          <TextLine ID="eSc_line_97d3473d"
                    TAGREFS="LT581"
                    BASELINE="721 643 2436 643 3050 661" 
                    HPOS="721"
                    VPOS="502"
                    WIDTH="2333"
                    HEIGHT="185">
            <Shape><Polygon POINTS="721 643 721 558 946 558 954 558 1090 502 1090 502 1094 502 1094 502 1098 502 1294 502 1294 502 1294 502 1297 502 1297 502 1297 502 1301 502 1368 550 1434 502 1438 502 1438 502 1438 502 1442 502 1442 502 1445 502 1527 502 1527 502 1527 502 1530 502 1530 502 1530 502 1534 502 1534 502 1534 506 1590 558 1734 558 1741 558 1741 558 1852 502 1852 502 1852 502 1856 502 1856 502 1859 502 1967 502 1967 502 1967 502 1970 502 1970 502 2100 558 2166 561 2200 561 2237 561 2322 558 2377 506 2377 506 2377 506 2381 506 2381 506 2385 506 2385 506 2385 506 2388 506 2532 513 2532 513 2536 513 2536 513 2536 513 2540 513 2606 558 2632 539 2632 535 2632 535 2636 535 2636 535 2640 535 2640 535 2640 535 2643 535 2643 535 2647 535 2743 561 2743 565 2876 565 2895 565 2939 535 2943 535 2943 535 2943 535 2947 535 2947 535 2950 535 2950 535 2950 535 2954 535 3054 565 3050 661 3043 683 2270 661 2229 683 2226 687 2222 687 2222 687 2222 687 2218 687 2218 687 2214 687 1804 683 1804 683 1804 683 1800 683 1800 683 1800 683 1797 683 1797 683 1797 683 1763 657 1286 657 1231 676 1231 676 1227 676 1227 676 1223 676 1223 676 1223 676 1220 676 1161 657 1135 680 1135 680 1135 683 1131 683 1131 683 1131 683 1127 683 1127 683 1127 687 1061 687 1057 683 1057 683 1039 680 928 657 898 680 898 680 898 683 898 683 894 683 894 683 891 683 891 683 891 683 887 683 887 683 883 683 872 680 787 657 724 680"/></Shape>
	    <String CONTENT="que ce fût de ces Stipes. Mais ce son"
                    HPOS="721"
                    VPOS="502"
                    WIDTH="2333"
                    HEIGHT="185"></String>
          </TextLine>

          
          
          <TextLine ID="eSc_line_ef793bef"
                    TAGREFS="LT581"
                    BASELINE="687 801 1808 772 3024 798" 
                    HPOS="676"
                    VPOS="661"
                    WIDTH="2348"
                    HEIGHT="185">
            <Shape><Polygon POINTS="687 801 676 709 776 661 776 661 776 661 780 661 780 661 783 661 1009 661 1009 661 1009 661 1013 661 1013 661 1013 661 1090 702 1264 668 1264 668 1264 668 1268 668 1268 668 1272 668 1382 702 1475 661 1475 661 1479 661 1479 661 1479 661 1482 661 1482 661 1482 661 1682 702 1749 661 1752 661 1752 661 1752 661 1756 661 1756 661 1760 661 1760 661 1760 661 1763 661 1896 702 1941 680 1941 680 1941 680 1944 680 1944 680 1948 680 1948 680 1948 680 1952 680 1989 691 2022 661 2022 661 2026 661 2026 661 2026 661 2030 661 2030 661 2033 661 2033 661 2277 694 2399 665 2403 665 2403 665 2407 665 2407 665 2407 665 2410 665 2410 665 2495 702 2562 661 2566 661 2566 661 2566 661 2569 661 2569 661 2573 661 2684 661 2684 661 2684 661 2688 661 2688 661 2688 661 2769 705 3021 705 3024 798 3021 824 2603 842 2599 842 2599 842 2514 827 2436 816 2359 831 2288 842 2288 842 2288 842 2285 842 2285 842 2281 842 2281 842 2281 842 2277 842 2259 831 2237 816 2152 831 2122 835 2122 835 2118 835 2118 835 2118 835 2115 835 2115 835 2115 835 2111 835 2107 831 2078 813 1819 835 1689 842 1686 842 1686 842 1686 842 1682 842 1682 842 1682 842 1678 842 1678 842 1678 838 1671 835 1649 813 1379 813 1301 835 1283 842 1279 842 1279 842 1279 846 1127 846 1124 842 1124 842 1120 842 1120 842 1120 842 1109 838 1061 813 857 813 687 838"/></Shape>
	    <String CONTENT="là des conjectures fondées sur des appa"
                    HPOS="676"
                    VPOS="661"
                    WIDTH="2348"
                    HEIGHT="185"></String>
          </TextLine>

          
          
          <TextLine ID="eSc_line_5d3b2b16"
                    TAGREFS="LT581"
                    BASELINE="672 931 1822 916 3039 935" 
                    HPOS="665"
                    VPOS="801"
                    WIDTH="2374"
                    HEIGHT="163">
            <Shape><Polygon POINTS="672 931 665 835 732 820 732 820 732 820 735 820 735 820 739 820 739 820 739 820 769 835 776 838 783 835 824 805 828 805 828 805 828 805 831 805 831 805 835 805 835 805 835 805 839 805 839 805 843 805 891 835 905 842 935 835 990 820 994 820 994 820 998 820 998 820 998 820 1002 820 1002 820 1002 820 1005 820 1005 820 1020 835 1031 846 1194 846 1223 838 1268 820 1268 820 1272 820 1272 820 1275 820 1275 820 1275 820 1279 820 1279 820 1283 820 1283 820 1301 835 1338 805 1338 801 1338 801 1342 801 1342 801 1342 801 1345 801 1345 801 1349 801 1663 801 1663 801 1663 801 1667 801 1667 801 1667 801 1671 801 1671 801 1712 838 1749 838 1800 842 1808 838 1878 809 1878 809 1882 809 1882 809 1882 809 1885 809 1885 809 1885 809 1889 809 1889 809 1893 809 1893 809 1933 842 1944 850 2007 850 2015 842 2055 805 2055 801 2055 801 2059 801 2059 801 2059 801 2063 801 2063 801 2067 801 2170 801 2170 801 2170 801 2174 801 2174 801 2266 842 2299 827 2299 827 2303 827 2303 827 2303 827 2307 827 2307 827 2444 846 2466 846 2470 846 2536 801 2540 801 2540 801 2544 801 2544 801 2544 801 2547 801 2547 801 2673 820 2699 801 2699 801 2703 801 2703 801 2706 801 2706 801 2706 801 2710 801 2710 801 2714 801 2714 801 2714 801 2717 801 2773 838 3035 850 3039 935 3039 938 2965 960 2961 960 2961 960 2958 960 2958 960 2958 960 2954 960 2954 960 2910 942 2880 960 2876 960 2876 960 2876 960 2873 960 2873 960 2873 964 2477 964 2473 960 2473 960 2403 946 2373 938 2355 946 2318 960 2318 960 2314 960 2314 960 2314 960 2311 960 2311 960 2307 960 2307 960 2307 960 2303 960 2303 960 2303 957 2288 946 2281 938 2044 938 2022 949 1996 960 1996 960 1996 960 1993 960 1993 960 1993 960 1989 960 1782 949 1567 938 1549 953 1538 960 1538 960 1534 960 1534 960 1534 960 1530 960 1530 960 1530 964 1416 964 1412 960 1412 960 1408 960 1379 953 1327 938 1249 953 1212 960 1212 960 1209 960 1209 960 1142 953 946 935 672 957"/></Shape>
	    <String CONTENT="rences assés legeres. Vous determi"
                    HPOS="665"
                    VPOS="801"
                    WIDTH="2374"
                    HEIGHT="163"></String>
          </TextLine>

          
          
          <TextLine ID="eSc_line_18d2eb6d"
                    TAGREFS="LT581"
                    BASELINE="684 1064 1763 1045 3043 1053" 
                    HPOS="676"
                    VPOS="927"
                    WIDTH="2367"
                    HEIGHT="155">
            <Shape><Polygon POINTS="684 1064 676 979 843 975 843 975 891 935 891 935 894 935 894 935 894 935 898 935 898 935 902 935 902 935 1149 968 1194 972 1216 964 1301 938 1305 938 1305 938 1305 938 1308 938 1308 938 1312 938 1401 960 1442 972 1471 960 1530 935 1530 935 1534 935 1534 935 1534 935 1538 935 1538 935 1645 953 1863 931 1863 931 1867 931 1867 931 1871 931 1871 931 1871 931 1874 931 1874 931 1896 949 1911 964 1996 968 2033 946 2055 931 2059 931 2059 931 2059 931 2063 931 2063 931 2067 931 2129 931 2129 931 2129 931 2133 931 2133 931 2133 931 2137 931 2137 931 2152 946 2185 972 2288 972 2325 942 2336 931 2336 931 2340 931 2340 931 2340 931 2344 931 2344 931 2348 931 2399 931 2399 931 2399 931 2403 931 2403 931 2403 931 2407 931 2407 931 2407 935 2414 938 2444 964 2473 942 2473 942 2477 942 2477 942 2481 942 2481 942 2481 942 2484 942 2484 942 2629 968 3035 927 3043 1053 3039 1071 684 1082"/></Shape>
	    <String CONTENT="nerés aisement, Mon tres Reverend Per"
                    HPOS="676"
                    VPOS="927"
                    WIDTH="2367"
                    HEIGHT="155"></String>
          </TextLine>

          
          
          <TextLine ID="eSc_line_4b538011"
                    TAGREFS="LT581"
                    BASELINE="695 1204 1331 1182 2377 1178 3039 1208" 
                    HPOS="684"
                    VPOS="1071"
                    WIDTH="2355"
                    HEIGHT="170">
            <Shape><Polygon POINTS="695 1204 684 1116 761 1071 761 1071 761 1071 765 1071 765 1071 765 1071 769 1071 769 1071 772 1071 772 1071 772 1071 776 1071 776 1071 831 1116 835 1116 839 1116 998 1090 998 1090 1002 1090 1002 1090 1002 1090 1005 1090 1083 1116 1087 1116 1090 1116 1190 1093 1190 1093 1190 1093 1194 1093 1194 1093 1194 1093 1198 1093 1264 1116 1264 1116 1264 1116 1371 1071 1371 1071 1375 1071 1375 1071 1379 1071 1475 1071 1475 1071 1475 1071 1479 1071 1479 1071 1479 1071 1482 1071 1482 1075 1516 1101 1682 1071 1682 1071 1686 1071 1686 1071 1686 1071 1689 1071 1689 1071 1767 1105 1985 1071 1985 1071 1989 1071 1989 1071 1989 1071 1993 1071 1993 1071 1993 1071 1996 1071 1996 1071 2048 1116 2129 1093 2133 1093 2133 1093 2137 1093 2137 1093 2259 1105 2322 1075 2322 1075 2322 1075 2325 1075 2325 1075 2329 1075 2329 1075 2333 1075 2488 1116 2555 1071 2558 1071 2558 1071 2558 1071 2562 1071 2562 1071 2566 1071 2654 1071 2654 1071 2654 1071 2658 1071 2658 1071 2662 1071 2736 1116 2739 1119 3035 1119 3039 1208 3035 1215 2928 1238 2928 1238 2924 1238 2924 1238 2739 1219 2632 1208 2595 1219 2558 1230 2555 1230 2555 1230 2555 1230 2551 1230 2551 1230 2547 1230 2507 1219 2425 1197 2388 1219 2381 1227 2377 1227 2377 1227 2377 1227 2373 1227 2373 1227 2370 1227 2370 1227 2370 1227 2366 1227 2344 1219 2266 1197 2237 1219 2229 1227 2229 1227 2226 1227 2226 1227 2222 1227 2222 1227 2222 1227 2218 1227 2218 1227 2181 1223 2044 1197 1948 1204 1933 1223 1919 1234 1919 1238 1919 1238 1915 1238 1915 1238 1915 1238 1911 1238 1911 1238 1911 1241 1737 1241 1734 1238 1734 1238 1730 1238 1730 1238 1730 1238 1700 1223 1649 1197 1486 1197 1453 1223 1442 1234 1442 1234 1438 1234 1438 1234 1438 1234 1434 1234 1434 1234 1431 1234 1431 1234 1431 1234 1427 1234 1427 1234 1423 1234 1423 1234 1412 1227 1375 1197 1305 1223 1305 1223 1301 1223 1301 1223 1297 1223 1297 1223 1297 1223 1294 1223 1294 1223 1290 1223 1246 1197 1120 1197 1076 1215 1076 1215 1072 1215 1072 1215 1072 1215 1068 1215 1068 1215 987 1204 961 1227 961 1227 957 1227 957 1227 957 1227 957 1227 954 1227 954 1227 954 1227 950 1227 950 1227 946 1227 946 1227 946 1227 946 1227 942 1227 924 1212 902 1227 887 1238 883 1238 883 1238 883 1238 880 1238 880 1238 880 1238 876 1238 691 1227"/></Shape>
	    <String CONTENT="ce que c&#39;est, et c&#39;est à votre decision"
                    HPOS="684"
                    VPOS="1071"
                    WIDTH="2355"
                    HEIGHT="170"></String>
          </TextLine>

          
          
          <TextLine ID="eSc_line_3e01d565"
                    TAGREFS="LT581"
                    BASELINE="691 1337 1260 1312 2081 1308 3054 1345" 
                    HPOS="684"
                    VPOS="1197"
                    WIDTH="2370"
                    HEIGHT="181">
            <Shape><Polygon POINTS="691 1337 684 1238 1020 1223 1024 1223 1024 1223 1090 1230 1161 1241 1175 1230 1212 1197 1212 1197 1216 1197 1216 1197 1216 1197 1220 1197 1220 1197 1223 1197 1349 1197 1349 1197 1349 1197 1353 1197 1353 1197 1353 1197 1357 1197 1357 1197 1390 1227 1431 1208 1431 1208 1434 1208 1434 1208 1434 1208 1438 1208 1438 1208 1438 1208 1442 1208 1442 1208 1445 1208 1445 1208 1471 1227 1479 1234 1490 1227 1538 1201 1538 1201 1538 1201 1541 1201 1541 1201 1545 1201 1689 1201 1689 1201 1689 1201 1693 1201 1693 1201 1749 1223 1782 1241 1874 1241 1896 1223 1915 1208 1915 1204 1915 1204 1919 1204 1919 1204 1919 1204 1922 1204 1922 1204 1926 1204 2018 1204 2018 1204 2018 1204 2022 1204 2022 1204 2022 1204 2026 1204 2048 1223 2078 1241 2274 1249 2355 1227 2359 1227 2359 1227 2359 1227 2362 1227 2362 1227 2366 1227 2366 1227 2366 1227 2414 1252 2477 1215 2495 1208 2495 1208 2495 1208 2499 1208 2499 1208 2499 1208 2503 1208 2503 1208 2507 1208 2507 1208 2507 1208 2510 1208 2510 1208 2518 1215 2555 1249 2743 1256 2806 1212 2806 1212 2810 1212 2810 1212 2810 1212 2813 1212 2813 1212 2817 1212 2924 1212 2924 1212 2924 1212 2928 1212 2928 1212 2928 1212 2932 1212 2980 1238 3043 1212 3054 1345 3046 1371 2810 1352 2765 1371 2758 1374 2758 1374 2754 1374 2754 1374 2754 1374 2751 1374 2751 1374 2751 1374 2747 1374 2747 1374 2747 1374 2739 1371 2699 1348 2662 1371 2647 1378 2647 1378 2647 1378 2643 1378 2643 1378 2643 1378 2640 1378 2640 1378 2636 1378 2636 1378 2636 1378 2632 1378 2632 1378 2632 1374 2625 1371 2595 1337 2510 1334 2399 1334 2359 1367 2359 1371 2359 1371 2359 1371 2355 1371 2355 1371 2355 1371 2351 1371 2351 1371 2351 1374 2303 1374 2299 1371 2299 1371 2296 1371 2296 1371 2292 1371 2211 1334 2163 1360 2163 1360 2163 1360 2159 1360 2159 1360 2159 1360 2155 1360 2052 1356 2052 1356 2052 1356 2048 1356 2048 1356 2048 1356 2044 1356 2044 1356 2015 1330 1926 1348 1926 1348 1926 1348 1922 1348 1922 1348 1919 1348 1826 1326 1752 1352 1752 1352 1749 1352 1749 1352 1749 1352 1745 1352 1375 1323 1227 1323 1198 1348 1198 1348 1194 1348 1194 1348 1194 1348 1190 1348 1190 1348 1186 1348 1186 1348 1042 1337 1009 1363 1009 1363 1005 1363 1005 1363 1005 1363 1002 1363 1002 1363 1002 1367 687 1367"/></Shape>
	    <String CONTENT="que je m&#39;en tiendray. Si vous le tr"
                    HPOS="684"
                    VPOS="1197"
                    WIDTH="2370"
                    HEIGHT="181"></String>
          </TextLine>

          
          
          <TextLine ID="eSc_line_bb5d2434"
                    TAGREFS="LT581"
                    BASELINE="643 1456 2584 1445 3043 1463" 
                    HPOS="636"
                    VPOS="1326"
                    WIDTH="2407"
                    HEIGHT="174">
            <Shape><Polygon POINTS="643 1456 636 1378 994 1367 1027 1337 1027 1334 1031 1334 1031 1334 1031 1334 1035 1334 1035 1334 1039 1334 1190 1334 1190 1334 1190 1334 1194 1334 1194 1334 1290 1374 1294 1374 1301 1374 1408 1352 1408 1352 1408 1352 1412 1352 1412 1352 1416 1352 1416 1352 1460 1371 1497 1345 1501 1345 1501 1345 1501 1345 1504 1345 1504 1345 1504 1345 1508 1345 1508 1345 1601 1360 1641 1334 1645 1334 1645 1334 1649 1334 1649 1334 1649 1334 1652 1334 1652 1334 1656 1334 1756 1360 1793 1330 1793 1330 1797 1330 1797 1330 1797 1330 1800 1330 1800 1330 1804 1330 1989 1330 1989 1330 1989 1330 1993 1330 2155 1371 2155 1371 2155 1371 2226 1341 2226 1341 2229 1341 2229 1341 2229 1341 2233 1341 2233 1341 2237 1341 2237 1341 2237 1341 2292 1371 2407 1371 2507 1371 2510 1371 2595 1330 2595 1330 2595 1330 2599 1330 2599 1330 2603 1330 2603 1330 2603 1330 2606 1330 2606 1330 2606 1330 2677 1371 2684 1374 2751 1374 2762 1371 2924 1326 2928 1326 2928 1326 2932 1326 2932 1326 2932 1326 2935 1326 2935 1326 2935 1326 2939 1326 2939 1326 2991 1371 3039 1371 3043 1463 3039 1493 2788 1496 2784 1496 2784 1496 2780 1496 2780 1496 2780 1496 2776 1496 2776 1496 2776 1493 2773 1493 2754 1474 2732 1493 2728 1493 2728 1496 2728 1496 2725 1496 2725 1496 2721 1496 2721 1496 2721 1496 2717 1496 2717 1496 2669 1489 2584 1478 2566 1489 2555 1496 2551 1496 2551 1496 2547 1496 2547 1496 2547 1496 2544 1496 2388 1489 2018 1463 1996 1482 1981 1493 1981 1496 1981 1496 1978 1496 1978 1496 1978 1496 1974 1496 1974 1496 1974 1500 1778 1500 1774 1496 1774 1496 1771 1496 1771 1496 1771 1496 1737 1482 1712 1467 1686 1482 1671 1485 1671 1485 1667 1485 1667 1485 1667 1485 1663 1485 1663 1485 1660 1485 1660 1485 1660 1485 1656 1485 1656 1485 1656 1482 1652 1478 1638 1467 1357 1467 1342 1478 1312 1500 1312 1500 1308 1500 1308 1500 1305 1500 1305 1500 1305 1500 1301 1500 1301 1500 1301 1500 1297 1500 1297 1500 1294 1500 1294 1500 1264 1474 1249 1467 1120 1467 1094 1474 1002 1500 998 1500 998 1500 998 1500 994 1500 994 1500 990 1500 990 1500 990 1500 987 1500 946 1470 935 1467 809 1467 809 1470 783 1493 783 1493 780 1493 780 1493 780 1493 776 1493 776 1493 776 1493 772 1493 772 1493 639 1467"/></Shape>
	    <String CONTENT="vés à propos, vous pourrés les insere"
                    HPOS="636"
                    VPOS="1326"
                    WIDTH="2407"
                    HEIGHT="174"></String>
          </TextLine>

          
          
          <TextLine ID="eSc_line_d7912bd0"
                    TAGREFS="LT581"
                    BASELINE="654 1611 1545 1570 2418 1570 3046 1596" 
                    HPOS="650"
                    VPOS="1463"
                    WIDTH="2396"
                    HEIGHT="163">
            <Shape><Polygon POINTS="654 1611 650 1482 924 1500 976 1482 990 1478 990 1478 994 1478 994 1478 998 1478 998 1478 998 1478 1031 1482 1142 1504 1172 1485 1175 1485 1175 1485 1175 1485 1179 1485 1179 1485 1179 1485 1183 1485 1183 1485 1186 1485 1186 1485 1186 1485 1186 1485 1190 1485 1227 1511 1308 1485 1342 1474 1345 1474 1345 1474 1345 1474 1508 1470 1512 1470 1512 1470 1516 1470 1516 1470 1516 1470 1553 1485 1586 1504 1604 1489 1612 1482 1612 1482 1615 1482 1615 1482 1615 1482 1619 1482 1619 1482 1623 1482 1623 1482 1623 1482 1626 1482 1626 1482 1626 1482 1630 1482 1630 1482 1630 1485 1634 1489 1652 1507 1745 1507 1793 1489 1826 1478 1830 1478 1830 1478 1830 1478 1834 1478 1834 1478 1834 1478 1837 1478 1837 1478 1841 1478 1841 1478 1856 1489 1882 1511 1981 1511 2015 1489 2033 1482 2033 1482 2033 1482 2037 1482 2037 1482 2041 1482 2041 1482 2122 1493 2185 1500 2196 1493 2226 1467 2226 1463 2226 1463 2229 1463 2229 1463 2229 1463 2233 1463 2233 1463 2237 1463 2318 1463 2318 1463 2318 1463 2322 1463 2322 1463 2392 1493 2407 1500 2484 1496 2647 1482 2647 1482 2651 1482 2954 1496 2972 1482 2972 1478 2972 1478 2976 1478 2976 1478 2976 1478 2980 1478 2980 1478 2980 1478 2984 1478 2984 1478 2987 1478 2987 1478 3046 1500 3046 1596 3043 1611 2813 1596 2721 1615 2714 1615 2714 1615 2714 1615 2710 1615 2710 1615 2706 1615 2703 1615 2632 1596 2385 1618 2348 1618 2344 1618 2344 1618 2344 1618 2340 1618 2340 1618 2340 1618 2336 1618 2336 1618 2336 1618 2314 1596 2240 1618 2237 1618 2233 1618 2233 1618 2229 1618 2229 1618 2229 1618 2218 1618 2107 1592 2085 1611 2085 1615 2085 1615 2081 1615 2081 1615 2081 1615 2078 1615 2078 1615 2078 1615 2074 1615 2074 1615 1944 1596 1911 1618 1911 1622 1911 1622 1908 1622 1908 1622 1904 1622 1904 1622 1904 1622 1900 1622 1900 1622 1900 1622 1885 1618 1782 1596 1745 1622 1741 1626 1737 1626 1737 1626 1737 1626 1734 1626 1734 1626 1734 1626 1730 1626 1656 1622 1382 1600 654 1626"/></Shape>
	    <String CONTENT="dans votre Ouvrage; c&#39;est par cette rai"
                    HPOS="650"
                    VPOS="1463"
                    WIDTH="2396"
                    HEIGHT="163"></String>
          </TextLine>

          
          
          <TextLine ID="eSc_line_ba3e60e4"
                    TAGREFS="LT581"
                    BASELINE="654 1744 1005 1711 1793 1692 2577 1692 3043 1714" 
                    HPOS="647"
                    VPOS="1574"
                    WIDTH="2399"
                    HEIGHT="185">
            <Shape><Polygon POINTS="654 1744 647 1640 717 1637 776 1592 780 1592 780 1592 780 1592 783 1592 783 1592 783 1592 787 1592 787 1592 787 1592 791 1592 791 1592 883 1633 1061 1615 1061 1615 1064 1615 1064 1615 1168 1629 1172 1629 1172 1629 1235 1589 1238 1589 1238 1589 1242 1589 1242 1589 1242 1589 1379 1585 1382 1585 1382 1585 1582 1622 1608 1626 1675 1622 1723 1618 1756 1585 1756 1581 1756 1581 1760 1581 1760 1581 1760 1581 1763 1581 1763 1581 1767 1581 2000 1581 2000 1581 2000 1581 2004 1581 2004 1581 2004 1581 2007 1581 2007 1581 2037 1607 2103 1578 2103 1578 2107 1578 2107 1578 2111 1578 2314 1578 2314 1578 2314 1578 2318 1578 2318 1578 2318 1578 2322 1578 2322 1578 2322 1581 2355 1611 2359 1611 2403 1607 2606 1596 2610 1596 2610 1596 2706 1603 2832 1615 2854 1600 2898 1574 2902 1574 2902 1574 2902 1574 2906 1574 2906 1574 2910 1574 2910 1574 2910 1574 3039 1600 3043 1714 3046 1714 2965 1737 2961 1737 2961 1737 2958 1737 2958 1737 2958 1737 2873 1718 2828 1711 2762 1722 2640 1740 2640 1740 2636 1740 2636 1740 2636 1740 2632 1740 2632 1740 2632 1740 2629 1740 2629 1740 2610 1725 2588 1707 2362 1707 2318 1729 2285 1744 2285 1744 2281 1744 2281 1744 2281 1744 2277 1744 2277 1744 2277 1744 2211 1733 2115 1711 2026 1737 1978 1748 1974 1748 1974 1748 1970 1748 1970 1748 1970 1748 1967 1748 1967 1748 1967 1748 1944 1737 1900 1714 1800 1714 1693 1740 1649 1751 1645 1751 1645 1751 1641 1751 1641 1751 1541 1744 1283 1722 1253 1740 1249 1740 1249 1740 1249 1740 1246 1740 1246 1740 1246 1740 1242 1740 1242 1740 1238 1740 1179 1725 1142 1751 1138 1755 1135 1755 1135 1755 1135 1755 1131 1755 1131 1755 1127 1755 1127 1755 1090 1751 931 1733 887 1755 880 1759 880 1759 880 1759 876 1759 876 1759 872 1759 872 1759 872 1759 868 1759 868 1759 861 1755 813 1737 654 1759"/></Shape>
	    <String CONTENT="son que je les ay fait dessiner au plus"
                    HPOS="647"
                    VPOS="1574"
                    WIDTH="2399"
                    HEIGHT="185"></String>
          </TextLine>

          
          
          <TextLine ID="eSc_line_14292769"
                    TAGREFS="LT581"
                    BASELINE="661 1859 1523 1833 2458 1829 3043 1859" 
                    HPOS="654"
                    VPOS="1714"
                    WIDTH="2389"
                    HEIGHT="193">
            <Shape><Polygon POINTS="661 1859 654 1777 780 1774 887 1722 887 1722 891 1722 891 1722 891 1722 894 1722 894 1722 894 1722 898 1722 898 1722 902 1722 902 1722 902 1722 957 1770 1072 1770 1205 1722 1209 1722 1209 1722 1212 1722 1464 1722 1464 1722 1464 1722 1467 1722 1467 1722 1467 1722 1471 1722 1471 1722 1471 1725 1512 1762 1641 1718 1645 1718 1645 1718 1645 1718 1649 1718 1649 1718 1652 1718 1830 1766 1834 1766 1837 1766 1926 1748 1926 1748 1926 1748 1930 1748 1930 1748 2089 1766 2111 1766 2115 1766 2170 1718 2170 1718 2174 1718 2174 1718 2174 1718 2177 1718 2177 1718 2181 1718 2181 1718 2333 1733 2359 1714 2362 1714 2362 1714 2362 1714 2366 1714 2366 1714 2370 1714 2370 1714 2370 1714 2373 1714 2373 1714 2373 1714 2377 1714 2447 1762 2447 1762 2458 1762 2555 1748 2592 1714 2592 1714 2595 1714 2595 1714 2595 1714 2599 1714 2599 1714 2599 1714 2603 1714 2603 1714 2606 1714 2606 1714 2717 1759 2728 1762 2739 1759 2828 1737 2832 1737 2832 1737 2836 1737 2836 1737 2836 1737 2839 1737 2839 1737 2843 1737 2843 1737 2843 1740 2865 1759 2873 1766 2939 1766 2947 1759 2961 1744 2961 1740 2961 1740 2965 1740 2965 1740 2965 1740 2969 1740 2969 1740 2969 1740 2972 1740 2972 1740 2976 1740 3043 1759 3043 1859 3043 1899 2821 1899 2817 1895 2817 1895 2813 1895 2813 1895 2813 1895 2736 1859 2680 1895 2677 1895 2677 1895 2677 1895 2673 1895 2673 1895 2669 1895 2669 1895 2669 1895 2666 1895 2666 1895 2666 1895 2662 1895 2662 1895 2643 1881 2621 1895 2617 1895 2617 1895 2617 1895 2614 1895 2614 1895 2614 1895 2610 1895 2610 1895 2606 1895 2606 1895 2606 1895 2603 1895 2536 1851 2455 1884 2455 1884 2451 1884 2451 1884 2451 1884 2447 1884 2447 1884 2444 1884 2444 1884 2444 1884 2373 1851 1996 1851 1956 1888 1956 1892 1956 1892 1952 1892 1952 1892 1948 1892 1948 1892 1948 1892 1944 1892 1944 1892 1941 1892 1941 1892 1941 1892 1937 1892 1937 1892 1911 1870 1826 1895 1822 1895 1822 1895 1819 1895 1819 1895 1819 1895 1612 1855 1523 1903 1519 1903 1519 1903 1519 1903 1516 1903 1516 1903 1516 1907 1445 1907 1442 1903 1442 1903 1438 1903 1438 1903 1438 1903 1434 1903 1434 1903 1371 1859 1286 1877 1286 1877 1286 1877 1283 1877 1109 1866 998 1903 998 1903 994 1903 994 1903 994 1903 990 1903 990 1903 990 1903 987 1903 850 1877 817 1892 817 1892 817 1892 813 1892 813 1892 809 1892 809 1892 809 1892 806 1892 806 1892 802 1892 802 1892 776 1870 735 1903 732 1903 732 1903 732 1903 728 1903 728 1903 728 1903 728 1907 661 1907"/></Shape>
	    <String CONTENT="juste, et de leur grandeur naturelle, de mê"
                    HPOS="654"
                    VPOS="1714"
                    WIDTH="2389"
                    HEIGHT="193"></String>
          </TextLine>

          
          
          <TextLine ID="eSc_line_eebeb26a"
                    TAGREFS="LT581"
                    BASELINE="628 1988 1590 1966 3039 1988" 
                    HPOS="621"
                    VPOS="1859"
                    WIDTH="2422"
                    HEIGHT="170">
            <Shape><Polygon POINTS="628 1988 621 1899 1053 1881 1057 1881 1057 1881 1198 1899 1201 1899 1201 1899 1279 1859 1279 1859 1279 1859 1283 1859 1283 1859 1286 1859 1405 1859 1405 1859 1405 1859 1408 1859 1408 1859 1408 1859 1412 1859 1412 1859 1456 1899 1512 1899 1678 1859 1682 1859 1682 1859 1686 1859 1686 1859 1686 1859 1689 1859 1689 1859 1693 1859 1693 1859 1693 1862 1719 1884 1793 1862 1797 1862 1797 1862 1797 1862 1800 1862 1800 1862 1804 1862 1804 1862 1911 1899 2115 1877 2115 1877 2118 1877 2118 1877 2122 1877 2122 1877 2122 1877 2126 1877 2126 1877 2126 1881 2152 1907 2244 1907 2299 1862 2299 1862 2303 1862 2303 1862 2307 1862 2307 1862 2307 1862 2311 1862 2311 1862 2436 1881 2555 1862 2555 1862 2558 1862 2558 1862 2558 1862 2562 1862 2562 1862 2562 1862 2617 1888 2762 1862 2762 1862 2762 1862 2765 1862 2765 1862 2769 1862 2769 1862 2769 1862 2773 1862 2773 1862 2813 1895 2858 1873 2858 1873 2858 1873 2862 1873 2862 1873 2865 1873 2865 1873 2865 1873 2869 1873 2869 1873 2869 1873 2917 1899 2954 1877 2958 1877 2958 1877 2961 1877 2961 1877 2961 1877 2965 1877 2965 1877 2965 1877 2969 1877 2969 1877 3043 1910 3039 1988 3028 2017 2980 1999 2954 2017 2947 2025 2947 2025 2943 2025 2943 2025 2939 2025 2939 2025 2939 2029 2736 2029 2732 2025 2732 2025 2728 2025 2706 2017 2636 1995 2569 2017 2551 2025 2551 2025 2547 2025 2547 2025 2547 2029 2303 2029 2299 2025 2299 2025 2296 2025 2296 2025 2296 2025 2292 2025 2285 2017 2251 1999 2192 2017 2170 2025 2166 2025 2166 2025 2166 2025 2163 2025 2163 2025 2159 2025 2159 2025 2159 2025 2144 2017 2096 1992 1749 1992 1715 2014 1712 2014 1712 2014 1712 2014 1708 2014 1708 2014 1708 2014 1704 2014 1704 2014 1704 2014 1700 2014 1630 1992 1471 2017 1449 2021 1449 2021 1445 2021 1445 2021 1445 2021 1442 2021 1442 2021 1434 2017 1379 1995 1323 2010 1320 2010 1320 2010 1316 2010 1316 2010 1316 2010 1212 1992 1186 2010 1183 2010 1183 2010 1183 2010 1179 2010 1179 2010 1175 2010 1175 2010 968 1988 872 2017 868 2017 868 2017 868 2017 868 2021 628 2021"/></Shape>
	    <String CONTENT="que les autres pieces, qui étant plus com"
                    HPOS="621"
                    VPOS="1859"
                    WIDTH="2422"
                    HEIGHT="170"></String>
          </TextLine>

          
          
          <TextLine ID="eSc_line_816ce568"
                    TAGREFS="LT581"
                    BASELINE="665 2099 1427 2080 3035 2091" 
                    HPOS="661"
                    VPOS="1984"
                    WIDTH="2374"
                    HEIGHT="166">
            <Shape><Polygon POINTS="665 2099 661 2021 909 2021 939 1995 939 1995 942 1995 942 1995 942 1995 946 1995 946 1995 950 1995 950 1995 950 1995 954 1995 1031 2017 1113 1988 1113 1988 1116 1988 1116 1988 1120 1988 1120 1988 1120 1988 1124 1988 1124 1988 1127 1988 1127 1988 1127 1992 1161 2021 1279 2021 1305 1995 1305 1992 1305 1992 1308 1992 1308 1992 1308 1992 1312 1992 1312 1992 1312 1992 1316 1992 1316 1992 1320 1992 1320 1992 1320 1992 1323 1992 1323 1992 1353 2017 1401 1992 1401 1992 1401 1992 1405 1992 1405 1992 1405 1992 1408 1992 1408 1992 1412 1992 1412 1992 1475 2014 1523 1984 1527 1984 1527 1984 1530 1984 1530 1984 1530 1984 1534 1984 1756 2003 1774 1988 1774 1984 1774 1984 1778 1984 1778 1984 1778 1984 1782 1984 1782 1984 1782 1984 1785 1984 1785 1984 1789 1984 1789 1984 1789 1984 1837 2010 1871 1984 1871 1984 1874 1984 1874 1984 1878 1984 1878 1984 1878 1984 1882 1984 2203 2010 2255 1988 2255 1988 2259 1988 2259 1988 2259 1988 2262 1988 2262 1988 2477 2010 2706 1984 2706 1984 2710 1984 2710 1984 2714 1984 2714 1984 2714 1984 2784 2017 2836 1999 2836 1999 2839 1999 2839 1999 2843 1999 2843 1999 3032 2021 3035 2091 3028 2132 2895 2110 2677 2110 2651 2128 2651 2128 2647 2128 2647 2128 2647 2128 2643 2128 2643 2128 2640 2128 2640 2128 2462 2110 2429 2136 2418 2147 2418 2147 2414 2147 2414 2147 2414 2147 2410 2147 2410 2147 2410 2150 2126 2150 2122 2147 2122 2147 2118 2147 2118 2147 2118 2147 2115 2147 2115 2147 2115 2143 2107 2139 2078 2110 2011 2110 1978 2139 1970 2143 1970 2147 1970 2147 1967 2147 1967 2147 1967 2147 1963 2147 1963 2147 1963 2150 1737 2150 1734 2147 1734 2147 1730 2147 1730 2147 1730 2147 1726 2147 1723 2143 1682 2114 1590 2143 1575 2147 1571 2147 1571 2147 1567 2147 1567 2147 1567 2147 1564 2147 1564 2147 1553 2143 1501 2121 1419 2143 1419 2143 1416 2143 1416 2143 1412 2143 1412 2143 1412 2143 1408 2143 1253 2110 1072 2147 1061 2147 1061 2147 1061 2147 1057 2147 1057 2147 1053 2147 1053 2147 1050 2147 950 2110 905 2143 902 2143 902 2143 902 2143 898 2143 898 2143 898 2143 894 2143 894 2143 891 2143 891 2143 891 2143 850 2125 665 2147"/></Shape>
	    <String CONTENT="munes, n&#39;arreteront gueres votre cur"
                    HPOS="661"
                    VPOS="1984"
                    WIDTH="2374"
                    HEIGHT="166"></String>
          </TextLine>

          
          
          <TextLine ID="eSc_line_791fe1b5"
                    TAGREFS="LT581"
                    BASELINE="672 2228 2381 2206 3039 2232" 
                    HPOS="665"
                    VPOS="2110"
                    WIDTH="2374"
                    HEIGHT="144">
            <Shape><Polygon POINTS="672 2228 665 2147 942 2121 946 2121 946 2121 946 2121 950 2121 950 2121 954 2121 954 2121 983 2143 1005 2162 1249 2162 1316 2143 1412 2117 1416 2117 1416 2117 1419 2117 1608 2132 1608 2132 1612 2132 1612 2132 1612 2132 1615 2132 1615 2132 1615 2132 1623 2139 1638 2154 1667 2139 1700 2125 1700 2125 1704 2125 1704 2125 1704 2125 1708 2125 1708 2125 1822 2139 1908 2150 1944 2139 2015 2114 2018 2114 2018 2114 2018 2114 2022 2114 2022 2114 2026 2114 2026 2114 2026 2114 2030 2114 2030 2114 2059 2136 2214 2114 2214 2114 2218 2114 2303 2117 2303 2117 2303 2117 2307 2117 2307 2117 2311 2117 2311 2117 2311 2121 2333 2136 2344 2150 2370 2136 2403 2121 2403 2121 2403 2121 2407 2121 2407 2121 2410 2121 2410 2121 2525 2132 2562 2110 2566 2110 2566 2110 2569 2110 2569 2110 2569 2110 2573 2110 2573 2110 2573 2110 2577 2110 2651 2136 2651 2136 2651 2136 2691 2110 2695 2110 2695 2110 2695 2110 2699 2110 2699 2110 2703 2110 2795 2110 2795 2110 2795 2110 2799 2110 2799 2110 2799 2110 2802 2110 2802 2110 2832 2136 2847 2147 3032 2136 3039 2232 3035 2243 2274 2247 2270 2247 2270 2247 2266 2247 2255 2243 2196 2224 1952 2224 1915 2243 1911 2247 1908 2247 1908 2247 1904 2247 1904 2247 1904 2247 1900 2247 1900 2247 1871 2243 1789 2228 1726 2243 1693 2250 1689 2250 1689 2250 1686 2250 1686 2250 1686 2250 1645 2243 1575 2228 1272 2228 1246 2243 1242 2247 1238 2247 1238 2247 1238 2247 1235 2247 1235 2247 1231 2247 1231 2247 1175 2243 1076 2232 1053 2243 1027 2254 1027 2254 1027 2254 1024 2254 1024 2254 1020 2254 1020 2254 1016 2254 1016 2254 979 2243 961 2235 672 2239"/></Shape>
	    <String CONTENT="osité. En cas que Les Souscriptions a"
                    HPOS="665"
                    VPOS="2110"
                    WIDTH="2374"
                    HEIGHT="144"></String>
          </TextLine>

          
          
          <TextLine ID="eSc_line_a308f0e2"
                    TAGREFS="LT581"
                    BASELINE="628 2350 1845 2335 3013 2346" 
                    HPOS="621"
                    VPOS="2217"
                    WIDTH="2396"
                    HEIGHT="170">
            <Shape><Polygon POINTS="628 2350 621 2224 942 2221 946 2221 946 2221 950 2221 950 2221 950 2221 954 2221 961 2228 1016 2261 1737 2261 1760 2239 1778 2224 1778 2221 1778 2221 1782 2221 1782 2221 1782 2221 1785 2221 1785 2221 1789 2221 1852 2221 1852 2221 1852 2221 1856 2221 1856 2221 1856 2221 1859 2221 1859 2221 1882 2239 1904 2258 1933 2243 1952 2232 1952 2232 1952 2232 1956 2232 1956 2232 1959 2232 1959 2232 1959 2232 1963 2232 1963 2232 1967 2232 1981 2243 2004 2254 2033 2243 2067 2232 2067 2232 2070 2232 2070 2232 2074 2232 2074 2232 2074 2232 2078 2232 2115 2243 2152 2258 2189 2247 2251 2221 2251 2221 2255 2221 2255 2221 2259 2221 2532 2221 2532 2221 2532 2221 2536 2221 2536 2221 2536 2221 2595 2250 2606 2258 2614 2250 2651 2224 2654 2224 2654 2224 2654 2224 2658 2224 2658 2224 2658 2224 2887 2217 2891 2217 2891 2217 2891 2217 2895 2217 3013 2258 3013 2346 3017 2350 2991 2376 2991 2380 2991 2380 2987 2380 2987 2380 2987 2380 2984 2380 2984 2380 2984 2383 2902 2383 2898 2380 2898 2380 2895 2380 2895 2380 2895 2380 2891 2380 2891 2380 2891 2376 2869 2357 2813 2376 2810 2376 2810 2376 2810 2376 2806 2376 2806 2376 2677 2357 2629 2350 2599 2357 2514 2383 2510 2383 2510 2383 2510 2383 2507 2383 2507 2383 2503 2383 2503 2383 2503 2383 2451 2361 2429 2350 2262 2365 2177 2369 2174 2369 2174 2369 2174 2369 2170 2369 2170 2369 2170 2369 2166 2369 2166 2369 2166 2365 2163 2365 2148 2350 1959 2350 1933 2369 1933 2369 1933 2369 1930 2369 1930 2369 1926 2369 1926 2369 1926 2369 1922 2369 1922 2369 1919 2369 1919 2369 1915 2369 1863 2350 1789 2369 1778 2372 1774 2372 1774 2372 1771 2372 1771 2372 1771 2372 1767 2372 1767 2372 1763 2372 1763 2372 1730 2350 1486 2350 1453 2372 1449 2372 1449 2372 1449 2372 1445 2372 1445 2372 1445 2372 1442 2372 1442 2372 1308 2354 1249 2380 1238 2383 1238 2383 1235 2383 1235 2383 1235 2387 1035 2387 1031 2383 1031 2383 1027 2383 1027 2383 1027 2383 1024 2383 1024 2383 1024 2383 1002 2365 979 2383 979 2383 976 2383 976 2383 976 2383 972 2383 972 2383 968 2383 968 2383 968 2383 965 2383 961 2383 876 2357 824 2383 824 2383 824 2383 820 2383 820 2383 820 2383 817 2383 817 2383 706 2369 632 2387"/></Shape>
	    <String CONTENT="Votre Ouvrage ne soient pas encor remplies,"
                    HPOS="621"
                    VPOS="2217"
                    WIDTH="2396"
                    HEIGHT="170"></String>
          </TextLine>

          
          
          <TextLine ID="eSc_line_43c1dac9"
                    TAGREFS="LT581"
                    BASELINE="650 2476 2377 2457 3043 2476" 
                    HPOS="632"
                    VPOS="2354"
                    WIDTH="2411"
                    HEIGHT="151">
            <Shape><Polygon POINTS="650 2476 632 2394 658 2365 661 2365 661 2361 661 2361 665 2361 665 2361 665 2361 669 2361 669 2361 672 2361 728 2361 728 2361 728 2361 732 2361 732 2361 732 2361 735 2361 735 2361 735 2365 769 2394 776 2398 813 2394 920 2380 920 2380 924 2380 1268 2394 1353 2394 1368 2391 1438 2372 1442 2372 1442 2372 1445 2372 1445 2372 1445 2372 1449 2372 1449 2372 1449 2372 1486 2391 1493 2394 1497 2391 1567 2357 1567 2357 1567 2357 1571 2357 1571 2357 1575 2357 1575 2357 1578 2357 1578 2357 1578 2357 1649 2391 1656 2398 1726 2398 1734 2391 1804 2357 1804 2357 1804 2357 1808 2357 1808 2357 1811 2357 1893 2357 1893 2357 1893 2357 1896 2357 1896 2357 1896 2357 1900 2357 1900 2357 1900 2361 1933 2387 1970 2354 1970 2354 1974 2354 1974 2354 1974 2354 1978 2354 1978 2354 1981 2354 2030 2354 2030 2354 2030 2354 2033 2354 2033 2354 2033 2354 2037 2354 2037 2354 2037 2357 2078 2391 2196 2354 2200 2354 2200 2354 2203 2354 2643 2361 2643 2361 2643 2361 2647 2361 2647 2361 2647 2361 2651 2361 2691 2387 2825 2383 2854 2357 2854 2357 2858 2357 2858 2357 2858 2357 2862 2357 2862 2357 2865 2357 2865 2357 2865 2357 2869 2357 2869 2357 2873 2357 2924 2391 3039 2391 3043 2476 3039 2494 2100 2472 1967 2498 1967 2498 1967 2498 1963 2498 1963 2498 1963 2498 1837 2472 1712 2498 1712 2498 1712 2498 1708 2498 1708 2498 1704 2498 1704 2498 1704 2498 1700 2498 1671 2476 1416 2472 1264 2490 1264 2490 1260 2490 780 2483 650 2505"/></Shape>
	    <String CONTENT="je vous prie, mon Reverend Pere d&#39;y mett"
                    HPOS="632"
                    VPOS="2354"
                    WIDTH="2411"
                    HEIGHT="151"></String>
          </TextLine>

          
          
          <TextLine ID="eSc_line_50fc6a35"
                    TAGREFS="LT581"
                    BASELINE="632 2587 1737 2575 3039 2605" 
                    HPOS="628"
                    VPOS="2461"
                    WIDTH="2415"
                    HEIGHT="159">
            <Shape><Polygon POINTS="632 2587 628 2502 850 2502 1013 2461 1013 2461 1013 2461 1016 2461 1016 2461 1016 2461 1020 2461 1020 2461 1024 2461 1024 2461 1076 2502 1076 2502 1076 2502 1157 2465 1157 2465 1161 2465 1161 2465 1161 2465 1164 2465 1164 2465 1168 2465 1297 2502 1301 2502 1305 2502 1357 2479 1357 2479 1360 2479 1360 2479 1360 2479 1364 2479 1364 2479 1368 2479 1368 2479 1368 2479 1371 2479 1405 2502 1412 2505 1438 2502 1541 2487 1541 2487 1545 2487 1545 2487 1545 2487 1549 2487 1549 2487 1586 2502 1712 2465 1715 2465 1715 2465 1719 2465 1889 2468 1889 2468 1889 2468 1893 2468 1893 2468 1978 2505 1993 2513 2055 2513 2067 2505 2137 2468 2137 2468 2137 2468 2140 2468 2140 2468 2144 2468 2218 2468 2218 2468 2218 2468 2222 2468 2222 2468 2222 2468 2226 2468 2226 2472 2226 2472 2259 2505 2262 2509 2274 2505 2325 2487 2329 2487 2329 2487 2329 2487 2333 2487 2333 2487 2336 2487 2336 2487 2336 2487 2340 2487 2340 2487 2362 2505 2370 2509 2514 2509 2518 2505 2569 2472 2573 2472 2573 2472 2573 2472 2577 2472 2577 2472 2580 2472 2580 2472 2580 2472 2584 2472 2584 2472 2588 2472 2588 2472 2629 2505 2647 2516 2743 2509 2747 2505 2780 2476 2780 2476 2784 2476 2784 2476 2784 2476 2788 2476 2788 2476 2791 2476 2791 2476 2791 2476 2884 2494 2995 2476 2995 2476 2998 2476 2998 2476 2998 2476 3002 2476 3002 2476 3002 2476 3006 2476 3006 2476 3043 2505 3039 2605 3035 2612 2555 2620 2551 2620 2551 2620 2547 2620 2547 2620 2547 2620 2529 2612 2503 2601 2433 2612 2381 2620 2381 2620 2377 2620 2377 2620 2292 2612 2155 2598 2129 2612 2126 2616 2122 2616 2122 2616 2122 2616 2118 2616 2118 2616 2115 2616 2115 2616 2067 2612 1956 2598 1856 2612 1808 2616 1808 2616 1804 2616 1804 2616 1800 2616 1774 2609 1708 2594 1438 2594 1408 2609 1405 2612 1401 2612 1401 2612 1401 2612 1397 2612 1397 2612 1394 2612 1394 2612 1394 2612 1371 2609 1275 2590 632 2605"/></Shape>
	    <String CONTENT="mon Nom pour un Exemplaire en Grand Pap"
                    HPOS="628"
                    VPOS="2461"
                    WIDTH="2415"
                    HEIGHT="159"></String>
          </TextLine>

          
          
          <TextLine ID="eSc_line_174e69ed"
                    TAGREFS="LT581"
                    BASELINE="636 2712 2259 2686 3035 2720" 
                    HPOS="628"
                    VPOS="2583"
                    WIDTH="2407"
                    HEIGHT="163">
            <Shape><Polygon POINTS="636 2712 628 2616 839 2590 839 2590 843 2590 843 2590 846 2590 846 2590 846 2590 850 2590 850 2590 876 2612 891 2624 902 2612 928 2594 928 2594 931 2594 931 2594 935 2594 935 2594 935 2594 939 2594 939 2594 942 2594 1020 2612 1042 2620 1050 2612 1076 2594 1076 2590 1079 2590 1079 2590 1079 2590 1083 2590 1083 2590 1087 2590 1153 2590 1153 2590 1153 2590 1157 2590 1157 2590 1157 2590 1161 2590 1198 2612 1198 2616 1198 2612 1223 2594 1223 2590 1223 2590 1227 2590 1227 2590 1231 2590 1231 2590 1231 2590 1394 2587 1397 2587 1397 2587 1401 2587 1401 2587 1475 2612 1504 2624 1516 2612 1530 2601 1530 2601 1534 2601 1534 2601 1534 2601 1538 2601 1538 2601 1541 2601 1541 2601 1641 2612 1675 2616 1682 2612 1708 2590 1708 2587 1712 2587 1712 2587 1712 2587 1715 2587 1715 2587 1719 2587 1797 2587 1797 2587 1797 2587 1800 2587 1800 2587 1800 2587 1804 2587 1841 2612 1845 2616 2037 2624 2055 2612 2070 2601 2074 2601 2074 2601 2074 2601 2078 2601 2078 2601 2078 2601 2081 2601 2081 2601 2144 2612 2166 2616 2174 2612 2203 2587 2203 2587 2207 2587 2207 2587 2207 2587 2211 2587 2211 2587 2214 2587 2214 2587 2214 2587 2218 2587 2218 2587 2222 2587 2248 2605 2270 2583 2270 2583 2274 2583 2274 2583 2274 2583 2277 2583 2277 2583 2277 2583 2281 2583 2281 2583 2429 2612 2473 2620 2510 2612 2617 2583 2621 2583 2621 2583 2625 2583 2625 2583 2629 2583 2629 2583 2629 2583 2688 2612 2706 2620 3028 2612 3035 2720 3032 2731 2566 2734 2562 2734 2562 2734 2558 2734 2558 2734 2558 2734 2555 2734 2555 2734 2555 2731 2551 2731 2521 2705 2429 2723 2429 2723 2429 2723 2425 2723 2425 2723 2421 2723 2355 2705 2307 2731 2299 2734 2299 2734 2299 2734 2296 2734 2296 2734 2296 2734 2292 2734 2292 2734 2288 2734 2270 2731 2174 2705 2055 2723 2055 2723 2052 2723 2052 2723 2052 2723 2048 2723 2048 2723 2048 2723 2018 2709 2004 2723 2004 2727 2004 2727 2000 2727 2000 2727 2000 2727 1996 2727 1996 2727 1993 2727 1993 2727 1993 2727 1989 2727 1989 2727 1989 2727 1948 2709 1689 2709 1667 2727 1663 2731 1663 2734 1663 2734 1660 2734 1660 2734 1660 2734 1656 2734 1656 2734 1656 2734 1652 2734 1652 2734 1649 2734 1649 2734 1649 2734 1645 2734 1638 2727 1608 2709 1431 2709 1275 2716 1260 2727 1242 2742 1238 2742 1238 2742 1238 2742 1235 2742 1235 2742 1235 2746 1157 2746 1153 2742 1153 2742 1149 2742 1149 2742 1149 2742 1146 2742 1146 2742 1146 2738 1131 2727 1120 2716 987 2716 965 2727 942 2742 939 2742 939 2742 935 2742 935 2742 935 2742 931 2742 931 2742 928 2742 928 2742 883 2727 865 2720 636 2723"/></Shape>
	    <String CONTENT="Monsr. d&#39;Olivier Conseiller et Secretaire du R"
                    HPOS="628"
                    VPOS="2583"
                    WIDTH="2407"
                    HEIGHT="163"></String>
          </TextLine>

          
          
          <TextLine ID="eSc_line_8535626f"
                    TAGREFS="LT581"
                    BASELINE="647 2801 2470 2808 3028 2831" 
                    HPOS="647"
                    VPOS="2697"
                    WIDTH="2381"
                    HEIGHT="163">
            <Shape><Polygon POINTS="647 2801 647 2731 761 2731 795 2701 795 2697 795 2697 798 2697 798 2697 802 2697 802 2697 802 2697 806 2697 806 2697 809 2697 809 2697 809 2697 813 2697 813 2697 843 2720 868 2697 868 2697 872 2697 872 2697 872 2697 876 2697 876 2697 876 2697 880 2697 880 2697 1061 2731 1072 2731 1079 2731 1142 2709 1146 2709 1146 2709 1146 2709 1149 2709 1149 2709 1149 2709 1153 2709 1153 2709 1153 2709 1157 2709 1157 2709 1179 2731 1275 2731 1357 2731 1360 2731 1401 2697 1401 2697 1405 2697 1405 2697 1405 2697 1408 2697 1408 2697 1412 2697 1471 2697 1471 2697 1471 2697 1475 2697 1475 2697 1530 2723 1575 2701 1575 2701 1575 2701 1578 2701 1578 2701 1582 2701 1904 2701 1904 2701 1904 2701 1908 2701 2000 2734 2018 2738 2122 2734 2314 2723 2318 2723 2318 2723 2451 2734 2540 2742 2555 2734 2573 2720 2577 2720 2577 2720 2577 2720 2580 2720 2580 2720 2584 2720 2584 2720 2584 2720 2588 2720 2588 2720 2588 2720 2592 2720 2610 2734 2625 2742 2695 2742 2703 2734 2739 2709 2743 2709 2743 2709 2743 2709 2747 2709 2747 2709 2751 2709 2751 2709 3024 2738 3028 2831 3021 2860 2902 2834 2762 2860 2751 2860 2751 2860 2747 2860 2747 2860 2747 2860 2743 2860 2743 2860 2739 2860 2673 2827 2507 2827 2392 2827 2362 2853 2362 2856 2362 2856 2359 2856 2359 2856 2359 2856 2359 2856 2355 2856 2355 2856 2355 2860 2192 2860 2189 2856 2189 2856 2185 2856 2185 2856 2185 2856 2185 2856 2133 2827 2089 2856 2089 2856 2085 2856 2085 2856 2085 2856 2081 2856 2081 2856 2078 2856 1867 2853 1867 2853 1867 2853 1867 2853 1863 2853 1863 2853 1863 2853 1859 2853 1811 2823 1645 2823 1567 2853 1564 2853 1564 2853 1560 2853 1560 2853 1560 2856 1471 2856 1467 2853 1467 2853 1464 2853 1464 2853 1464 2853 1460 2853 1460 2853 1460 2853 1423 2823 1364 2849 1364 2849 1360 2849 1360 2849 1360 2849 1357 2849 1357 2849 1353 2849 1353 2849 1353 2849 1294 2819 1031 2819 887 2845 887 2845 887 2845 883 2845 883 2845 880 2845 880 2845 880 2845 876 2845 828 2816 647 2845"/></Shape>
	    <String CONTENT="qui vous fera tenir celle cy, aura la bonté de"
                    HPOS="647"
                    VPOS="2697"
                    WIDTH="2381"
                    HEIGHT="163"></String>
          </TextLine>

          
          
          <TextLine ID="eSc_line_864cca80"
                    TAGREFS="LT581"
                    BASELINE="639 2912 1638 2912 3002 2941" 
                    HPOS="636"
                    VPOS="2816"
                    WIDTH="2366"
                    HEIGHT="166">
            <Shape><Polygon POINTS="639 2912 639 2834 1116 2838 1135 2838 1253 2816 1253 2816 1257 2816 1257 2816 1257 2816 1260 2816 1260 2816 1260 2816 1264 2816 1264 2816 1286 2838 1290 2838 1301 2838 1449 2819 1449 2819 1453 2819 1453 2819 1456 2819 1456 2819 1456 2819 1460 2819 1486 2838 1497 2845 1523 2838 1601 2819 1604 2819 1604 2819 1608 2819 1608 2819 1830 2842 1845 2842 1848 2842 1900 2823 1900 2823 1904 2823 1904 2823 1908 2823 1908 2823 1908 2823 1911 2823 1974 2842 2011 2853 2044 2842 2089 2831 2092 2831 2092 2831 2096 2831 2096 2831 2096 2831 2100 2831 2100 2831 2100 2831 2103 2831 2122 2845 2133 2853 2155 2845 2196 2831 2196 2831 2200 2831 2200 2831 2203 2831 2203 2831 2203 2831 2207 2831 2207 2831 2207 2831 2233 2845 2255 2856 2292 2845 2344 2831 2348 2831 2348 2831 2348 2831 2351 2831 2351 2831 2351 2831 2421 2845 2481 2864 2636 2864 2651 2849 2666 2838 2666 2834 2666 2834 2669 2834 2669 2834 2673 2834 2673 2834 2673 2834 2677 2834 3002 2853 3002 2941 2998 2967 2743 2982 2739 2982 2739 2982 2739 2982 2736 2982 2736 2982 2695 2964 2654 2945 2555 2945 2540 2960 2521 2975 2521 2978 2521 2978 2518 2978 2518 2978 2518 2978 2514 2978 2514 2978 2510 2978 2381 2975 2381 2975 2381 2975 2377 2975 2377 2975 2373 2975 2373 2975 2351 2956 2325 2938 2259 2938 2203 2952 2148 2971 2144 2971 2144 2971 2144 2975 1959 2975 1956 2971 1956 2971 1797 2945 1667 2927 1042 2927 1020 2930 946 2956 942 2956 942 2956 942 2956 939 2956 939 2956 935 2956 935 2956 935 2956 931 2956 931 2956 905 2934 839 2952 835 2952 835 2952 831 2952 831 2952 636 2923"/></Shape>
	    <String CONTENT="vous remettre en même tems de ma part les"
                    HPOS="636"
                    VPOS="2816"
                    WIDTH="2366"
                    HEIGHT="166"></String>
          </TextLine>

          
          
          <TextLine ID="eSc_line_e3a8cab9"
                    TAGREFS="LT581"
                    BASELINE="639 3045 1919 3034 2965 3060" 
                    HPOS="632"
                    VPOS="2927"
                    WIDTH="2333"
                    HEIGHT="173">
            <Shape><Polygon POINTS="639 3045 632 2975 746 2952 746 2952 750 2952 750 2952 750 2952 861 2971 942 2927 942 2927 942 2927 946 2927 946 2927 950 2927 1039 2927 1039 2927 1039 2927 1042 2927 1042 2927 1042 2927 1046 2927 1090 2956 1227 2927 1227 2927 1227 2927 1231 2927 1231 2927 1235 2927 1235 2927 1235 2927 1238 2927 1238 2927 1290 2967 1390 2941 1394 2941 1394 2941 1397 2941 1397 2941 1397 2941 1401 2941 1401 2941 1401 2941 1405 2941 1445 2971 1453 2975 1456 2971 1530 2930 1530 2930 1530 2930 1534 2930 1534 2930 1534 2930 1538 2930 1538 2930 1641 2949 1663 2930 1663 2930 1667 2930 1667 2930 1667 2930 1671 2930 1671 2930 1675 2930 1856 2930 1856 2930 1856 2930 2063 2967 2103 2975 2129 2967 2159 2960 2163 2960 2163 2960 2163 2960 2166 2960 2166 2960 2170 2960 2170 2960 2170 2960 2174 2960 2174 2960 2174 2964 2177 2964 2181 2967 2189 2982 2366 2982 2377 2967 2385 2964 2385 2960 2385 2960 2388 2960 2388 2960 2388 2960 2392 2960 2392 2960 2392 2960 2396 2960 2396 2960 2451 2967 2521 2978 2536 2967 2569 2938 2569 2934 2569 2934 2573 2934 2573 2934 2573 2934 2577 2934 2577 2934 2580 2934 2580 2934 2580 2934 2584 2934 2584 2934 2584 2934 2647 2967 2673 2978 2958 2967 2965 3060 2961 3078 2847 3097 2847 3097 2843 3097 2843 3097 2843 3097 2839 3097 2839 3097 2799 3078 2773 3067 2754 3078 2728 3097 2725 3097 2725 3097 2725 3097 2721 3097 2721 3097 2721 3100 2481 3100 2477 3097 2477 3097 2473 3097 2473 3097 2473 3097 2470 3097 2470 3097 2447 3078 2440 3071 2433 3078 2403 3097 2399 3097 2399 3097 2396 3097 2396 3097 2396 3097 2392 3097 2392 3097 2388 3097 2388 3097 2329 3074 2307 3067 2296 3074 2270 3097 2270 3097 2266 3097 2266 3097 2266 3097 2262 3097 2262 3097 2259 3097 2259 3097 2259 3097 2255 3097 2255 3097 2255 3097 2251 3097 2251 3097 2251 3093 2233 3074 2214 3056 2044 3056 2011 3074 2007 3078 2004 3078 2004 3078 2004 3078 2000 3078 2000 3078 1996 3078 1996 3078 1996 3078 1993 3078 1993 3078 1993 3078 1989 3078 1989 3078 1989 3074 1985 3074 1967 3056 1893 3056 1856 3074 1819 3093 1819 3093 1819 3093 1815 3093 1815 3093 1815 3093 1811 3093 1811 3093 1808 3093 1808 3093 1808 3093 1804 3093 1804 3093 1782 3071 1760 3056 1619 3071 1578 3074 1578 3074 1575 3074 1575 3074 1549 3071 1482 3056 1464 3071 1442 3089 1442 3089 1438 3089 1438 3089 1438 3089 1434 3089 1434 3089 1434 3089 1431 3089 1431 3089 1427 3089 1427 3089 1427 3089 1423 3089 1423 3089 1423 3086 1405 3071 1386 3052 1349 3052 1327 3071 1308 3086 1308 3089 1308 3089 1305 3089 1305 3089 1305 3089 1301 3089 1301 3089 1301 3093 1161 3093 1157 3089 1157 3089 1153 3089 1153 3089 1094 3067 1050 3052 968 3067 846 3089 846 3089 846 3089 843 3089 843 3089 839 3089 839 3089 839 3089 835 3089 835 3089 809 3067 787 3052 639 3063"/></Shape>
	    <String CONTENT="100 livres qu&#39;il faut payer d&#39;abord. J&#39;ay"
                    HPOS="632"
                    VPOS="2927"
                    WIDTH="2333"
                    HEIGHT="173"></String>
          </TextLine>

          
          
          <TextLine ID="eSc_line_5bbc2c09"
                    TAGREFS="LT581"
                    BASELINE="621 3148 1737 3134 3032 3163" 
                    HPOS="610"
                    VPOS="3037"
                    WIDTH="2422"
                    HEIGHT="134">
            <Shape><Polygon POINTS="621 3148 610 3078 717 3037 717 3037 721 3037 721 3037 724 3037 724 3037 902 3063 1072 3049 1072 3049 1076 3049 1076 3049 1079 3049 1079 3049 1079 3049 1083 3049 1083 3052 1113 3074 1231 3049 1231 3049 1231 3049 1235 3049 1235 3049 1238 3049 1238 3049 1238 3049 1242 3049 1242 3049 1275 3074 1316 3045 1316 3045 1320 3045 1320 3045 1323 3045 1323 3045 1323 3045 1327 3045 1327 3045 1486 3067 1527 3041 1530 3041 1530 3041 1530 3041 1534 3041 1534 3041 1538 3041 1538 3041 1538 3041 1756 3082 1856 3045 1856 3045 1859 3045 1859 3045 1863 3045 2033 3045 2033 3045 2111 3049 2111 3049 2111 3049 2115 3049 2115 3049 2118 3049 2118 3049 2118 3052 2159 3086 2159 3089 2281 3089 2281 3086 2336 3060 2336 3060 2336 3060 2340 3060 2340 3060 2344 3060 2344 3060 2344 3060 2348 3060 2425 3089 2436 3089 2555 3089 2558 3089 2584 3067 2584 3067 2588 3067 2588 3067 2592 3067 2592 3067 2592 3067 2595 3067 2595 3067 2599 3067 2599 3067 2599 3067 2643 3089 2647 3093 3028 3093 3032 3163 3024 3171 1534 3152 1131 3167 1079 3167 1076 3167 1076 3167 1076 3167 1064 3167 983 3148 621 3163"/></Shape>
	    <String CONTENT="L&#39;honneur d&#39;etre avec toute La consideration"
                    HPOS="610"
                    VPOS="3037"
                    WIDTH="2422"
                    HEIGHT="134"></String>
          </TextLine>

          
          
          <TextLine ID="eSc_line_b4d3f1cc"
                    TAGREFS="LT581"
                    BASELINE="628 3252 2048 3241 2606 3256" 
                    HPOS="621"
                    VPOS="3130"
                    WIDTH="1985"
                    HEIGHT="144">
            <Shape><Polygon POINTS="628 3252 621 3178 713 3171 746 3137 746 3134 746 3134 750 3134 750 3134 750 3134 754 3134 754 3134 754 3134 758 3134 758 3134 761 3134 761 3134 761 3134 835 3174 961 3174 1002 3137 1002 3134 1002 3134 1005 3134 1005 3134 1009 3134 1009 3134 1009 3134 1013 3134 1013 3134 1016 3134 1016 3134 1079 3156 1216 3134 1216 3134 1220 3134 1220 3134 1220 3134 1223 3134 1223 3134 1223 3134 1227 3134 1227 3134 1227 3137 1253 3159 1290 3134 1294 3134 1294 3134 1294 3134 1297 3134 1297 3134 1301 3134 1375 3134 1375 3134 1375 3134 1379 3134 1379 3134 1464 3171 1464 3171 1464 3171 1608 3134 1612 3134 1612 3134 1615 3134 1615 3134 1615 3134 1619 3134 1619 3134 1623 3134 1682 3171 1682 3171 1682 3171 1774 3130 1774 3130 1778 3130 1778 3130 1782 3130 1956 3130 1956 3130 1956 3130 1959 3130 1959 3130 1963 3130 1963 3130 1996 3156 2115 3130 2115 3130 2115 3130 2118 3130 2118 3130 2118 3130 2122 3130 2122 3130 2126 3130 2126 3130 2174 3167 2262 3141 2266 3141 2266 3141 2266 3141 2270 3141 2270 3141 2274 3141 2274 3141 2274 3141 2277 3141 2314 3167 2314 3167 2318 3167 2396 3145 2399 3145 2399 3145 2403 3145 2403 3145 2403 3145 2407 3145 2407 3145 2410 3145 2444 3167 2451 3167 2599 3167 2606 3256 2603 3263 628 3274"/></Shape>
	    <String CONTENT="düe à Votre Merite et à Votre sçavoir"
                    HPOS="621"
                    VPOS="3130"
                    WIDTH="1985"
                    HEIGHT="144"></String>
          </TextLine>

          
          
          <TextLine ID="eSc_line_d71c9157"
                    TAGREFS="LT581"
                    BASELINE="998 3341 2322 3341" 
                    HPOS="990"
                    VPOS="3241"
                    WIDTH="1332"
                    HEIGHT="140">
            <Shape><Polygon POINTS="998 3341 990 3270 1068 3241 1068 3241 1072 3241 1072 3241 1076 3241 1076 3241 1249 3263 1275 3267 1290 3263 1360 3241 1364 3241 1364 3241 1364 3241 1368 3241 1368 3241 1368 3241 1453 3259 1486 3267 2318 3244 2322 3341 2318 3374 2155 3355 2129 3374 2129 3377 2129 3377 2129 3377 2126 3377 2126 3377 2126 3377 2122 3377 2122 3377 2118 3377 2118 3377 2081 3374 1908 3355 1863 3374 1863 3374 1863 3374 1859 3374 1859 3374 1859 3374 1856 3374 1856 3374 1856 3374 1852 3374 1852 3374 1852 3374 1852 3374 1848 3374 1848 3374 1826 3355 1715 3355 1686 3374 1682 3377 1678 3377 1678 3377 1678 3377 1675 3377 1675 3377 1675 3377 1671 3377 1671 3377 1667 3377 1667 3377 1656 3374 1601 3355 1453 3374 1408 3377 1408 3381 1253 3381 1249 3377 1249 3377 1246 3377 1246 3377 1246 3377 1242 3377 1242 3377 1238 3374 1212 3355 998 3370"/></Shape>
	    <String CONTENT="Mon tres Réverend Pere"
                    HPOS="990"
                    VPOS="3241"
                    WIDTH="1332"
                    HEIGHT="140"></String>
          </TextLine>

          
          
          <TextLine ID="eSc_line_8d9eaa68"
                    TAGREFS="LT581"
                    BASELINE="532 3400 1290 3418 1741 3448" 
                    HPOS="528"
                    VPOS="3281"
                    WIDTH="1213"
                    HEIGHT="196">
            <Shape><Polygon POINTS="532 3400 532 3281 820 3281 820 3281 820 3281 824 3281 824 3281 824 3281 828 3281 828 3281 846 3296 861 3311 880 3300 887 3296 887 3296 887 3296 891 3296 891 3296 891 3296 894 3296 894 3296 898 3296 920 3300 1057 3337 1220 3322 1220 3322 1223 3322 1223 3322 1227 3322 1227 3322 1227 3322 1231 3322 1272 3348 1405 3348 1486 3333 1541 3322 1541 3322 1541 3322 1545 3322 1545 3322 1549 3322 1549 3322 1586 3337 1612 3348 1737 3348 1741 3448 1737 3459 1556 3477 1553 3477 1553 3477 1364 3451 1316 3448 1275 3451 1161 3462 1161 3462 1157 3462 1157 3462 1153 3462 1153 3462 1153 3462 1120 3448 1113 3444 1090 3448 1009 3459 1009 3459 1005 3459 717 3448 717 3448 717 3448 713 3448 713 3448 709 3448 709 3448 698 3437 680 3426 528 3433"/></Shape>
	    <String CONTENT="Anspac le 7 Juin 1718."
                    HPOS="528"
                    VPOS="3281"
                    WIDTH="1213"
                    HEIGHT="196"></String>
          </TextLine>

          
          
          <TextLine ID="eSc_line_103a74fe"
                    TAGREFS="LT581"
                    BASELINE="2041 3392 3024 3414" 
                    HPOS="2030"
                    VPOS="3296"
                    WIDTH="994"
                    HEIGHT="155">
            <Shape><Polygon POINTS="2041 3392 2037 3329 2366 3318 2370 3318 2370 3318 2385 3318 2525 3337 2577 3315 2617 3296 2617 3296 2621 3296 2621 3296 2625 3296 2699 3296 2699 3296 2699 3296 2703 3296 2703 3296 2703 3296 2706 3296 2725 3311 2736 3315 2758 3307 2780 3304 2784 3304 2784 3304 2788 3304 2788 3304 2788 3304 2791 3304 2791 3304 2791 3304 2795 3304 2795 3304 2799 3307 2843 3344 2921 3304 2924 3304 2924 3304 2924 3304 2928 3304 2928 3304 2932 3304 3024 3304 3024 3414 3021 3429 2891 3429 2869 3448 2869 3451 2869 3451 2865 3451 2865 3451 2865 3451 2862 3451 2862 3451 2858 3451 2858 3451 2621 3429 2536 3444 2536 3444 2536 3444 2532 3444 2532 3444 2529 3444 2529 3444 2529 3444 2525 3444 2481 3418 2192 3433 2189 3433 2189 3433 2189 3433 2185 3433 2185 3433 2185 3433 2181 3433 2181 3433 2159 3411 2115 3426 2111 3426 2111 3426 2111 3426 2107 3426 2107 3426 2103 3426 2030 3403"/></Shape>
	    <String CONTENT="votre tres hble et tres"
                    HPOS="2030"
                    VPOS="3296"
                    WIDTH="994"
                    HEIGHT="155"></String>
          </TextLine>

          
          
          <TextLine ID="eSc_line_7b95200d"
                    TAGREFS="LT581"
                    BASELINE="2081 3462 3028 3477" 
                    HPOS="2074"
                    VPOS="3389"
                    WIDTH="954"
                    HEIGHT="155">
            <Shape><Polygon POINTS="2081 3462 2078 3407 2251 3389 2251 3389 2255 3389 2255 3389 2259 3389 2259 3389 2311 3407 2322 3411 2351 3407 2488 3392 2488 3392 2492 3392 2492 3392 2495 3392 2495 3392 2495 3392 2499 3392 2499 3392 2499 3396 2518 3411 2518 3414 2754 3414 2758 3414 2780 3396 2780 3396 2784 3396 2784 3396 2788 3396 2788 3396 2788 3396 2791 3396 2791 3396 2795 3396 2795 3396 2795 3396 2799 3396 2825 3414 2832 3418 2843 3414 2880 3400 2880 3400 2884 3400 2884 3400 2887 3400 2887 3400 3024 3418 3028 3477 3021 3544 2773 3518 2695 3525 2606 3536 2606 3536 2603 3536 2603 3536 2599 3536 2529 3518 2514 3514 2481 3514 2266 3522 2262 3522 2262 3522 2262 3522 2259 3522 2259 3522 2255 3522 2255 3522 2255 3518 2233 3499 2226 3492 2074 3488"/></Shape>
	    <String CONTENT="obeiss Serviteur Wey"
                    HPOS="2074"
                    VPOS="3389"
                    WIDTH="954"
                    HEIGHT="155"></String>
          </TextLine>

          
        </TextBlock>
        

        
      </PrintSpace>
    </Page>
  </Layout>
</alto>
