3339 4435
573 550 2252 300 à mon prochain de la maniere du monde la plus forte; si je pouv

558 824 2233 184 par ce moyen m'employer pour vous ou pour vos amis, j'aurois

554 953 2263 203 un sensible plaisir de vous faire voir que je suis veritablement

532 1090 2281 192 votre serviteur. Je suis honteux de n'avoir rien à ajo

543 1212 2270 225 ter à cete lettre de nouveau, je veillerai d'autant plus pou

532 1360 2248 218 trouver de quoi vous satisfaire à l'avenir. J'ai mandé

536 1493 2277 218 mercredi passé à m. Bartestein que vous lui dessinez les 2 To

532 1629 2274 222 de St. Jean Chrysostome. Je souhaitte que vous acheviez en

528 1774 2285 232 parfaite santé les beaux ouvrages que vous avez entre les main

510 1921 2300 226 & que vous en puissiés executer beaucoup d'autres. Je dois

539 2058 2249 218 rester votre debiteur à l'égard des 2 Tomes nommés, car je

547 2217 2244 196 ne trouverai jamais rien qui puisse égaler ce present. Je

517 2357 2293 200 vous supplie pourtant de me dire en quoi je pourrai vous être

532 2490 2267 204 bon dans ces pays cy, Peutetre qu'avec la paix du Nord, dont

502 2616 2315 211 nous nous flattons beaucoup, du moins quant au Czaar et le R. de

513 2749 2286 207 Suede, les belles lettres naissantes de nouveau me fourniront

525 2882 2285 196 les moyens de vous écrire plus souvent & de vous assurer de la parfai

687 3015 1442 133 estime avec laquelle je suis mon Reverend Pere

2152 2975 647 133 votre très h. & tres obeissant se

2525 3049 222 151 Widon
