3339 4435
1556 162 289 118 repondu

2103 147 929 156 M. L'Abbé Hulin chez Mgr̄

406 163 1642 380 Mon Reverend Pere

2107 229 803 151 L'Archeveque de Cambray

2921 295 133 155 198

318 835 2451 236 J'ai eu l'honneur de vous écrire il y a quelques tems

314 1042 2559 196 par le canal de Mr. Draing, dont la maladie a été

310 1193 2522 211 cause que cete lettre là vous ait été rendue un peu tard.

310 1378 2600 214 Il m'est venu depuis ce tems-là une pensée, qui ne vous

314 1555 2640 211 deplaira pas, à ce que j'espere, et dont vous pourrez beau-

310 1725 2607 226 coup avancer l'effet. C'est que je souhaiterrois voir établi

314 1910 2570 200 un commerce regulier entre vos marchands libraires &

314 2065 2592 237 ceux d'ici, lesquels pourroient par un troc raisonnable

310 2247 2522 243 rendre l'un à l'autre les livres, qui leur semblent etre

318 2424 2662 248 utiles. Mons. Felginer, dont j'ai joint ici un Catalogue

332 2620 2592 247 y est fort propre de notre coté, il souhaite ardemment un

314 2790 2610 270 correspondent de cete façon là, & comme notre Ville est

354 3037 2563 222 si bien située que le trajet à Rouen est très facile,
