3339 4435
739 1818 2311 199 regulier avec Mr. Wolff, lequel continue avec Mr. Fabricius

717 2017 2326 215 ses soins pour servir la republique des lettres, et l'un & l'autre

713 2221 2248 203 se porte si bien, que je me flatte de vous annoncer souvent

706 2417 991 192 de leurs bonnes nouvelles.

680 2472 2307 333 J'ai pris la liberté Mon Reverend Pere de vous envoyer

724 2753 2252 225 la nouvelle edition du dictionnaire la fin de Faber, laquelle

739 2967 2208 192 n'est pas encore chez vous à ce que je crois. Je n'y ai pû

724 3115 2311 255 joindre que quelques discours latins de l'archevèque de Novogrod,

713 3300 2333 225 dont on n'a jamais rien vû d'egal en Russie, il y a même des

695 3470 2340 211 circonstances très particulieres sur la succession de la Souveraine

706 3621 2337 244 d'a present, qui sont d'autant plus à remarquer que ce Prelat

721 3806 2209 233 en <> temoin oculaire. Le vaisseau qui en est chargé

828 3780 177 104 a été
