3339 4435
1645 1330 140 140 35

1612 1430 159 129 51

1604 1522 174 137 86

421 1567 2245 221 Mr. Fabricius compte que l'on fera partir la semaine qui

432 1707 2211 229 vient de Leipzig deux de ses livres, qu'il vous destine, L'u

425 1829 2170 236 est Sextg Emp. et l'autre le 2 Tome des œuvres de St.

421 1955 2226 255 Hippolyte. Il a donné aussi cete foire de Paque un gros

436 2080 2218 248 volume in Folio qui contient plusieurs pieces rares en fa

428 2224 2219 230 de l'histoire Ecclesiastique, dont les Journaux vous aurons

428 2354 2193 240 informé, et sa lettre qui accompagnera les livres nommés,

432 2468 2230 252 en fera aussi mention sans doute. Mr. Wolff se prepar

432 2594 2230 248 à faire un tour à Hanovre, pour puiser dans la Biblio

432 2727 2222 248 theque d'Oppenheimer de quoi augmenter sa bibliotheq

428 2860 2215 240 rabbinique. Je serai le bien venu chez lui com̄e  chez Mr

391 2986 2260 221 Anderson en les asseurant de l'amitie que vous leur

425 3126 2241 229 continuez. Vous aurez la bonté de faire marquer sur l

432 3237 2230 244 balot qui contiendra les volumes de St. Chrysostome, Mr. Pie

417 3370 2012 237 Stuven Banquier, correspondant de Mr. Helissant.

318 3485 2340 225 J'ai appris avec plaisir que votre Dom Quinni travaille à Rome à

414 3592 2218 229 un monasticum italicum, et je vous felicite de cet illustre Eleve.

329 3725 2322 222 Je ne saurois finir sans vous remercier que vous avez bien voulu

410 3839 2256 215 au milieu de la quantité prodigieuse de vos occupations, ne me laisser

447 3954 2222 222 plus longtems sans vos lettres, et sans vous asseurer de l'atta

451 4065 2203 207 ment aussi respectueux qu'inviolable avec lequel je suis mon Reveren

1582 4150 1076 122 Pere, votre très h. & très obeïss. sert. Wid
