3339 4435
850 133 1742 144 Versailles 17 may 1727

2706 177 152 133 22

543 1027 2441 200 je suis bien fache mon Reverand

513 1230 2471 200 pere de ne pouvoir avoir lhonneur

539 1411 2367 215 de vous porter moy meme cette

536 1589 2425 196 lettre que j'aurois envoyée au

550 1722 2430 233 R P General si j avois eu lhonneur

528 1855 2337 262 d estre connu de lui comme je

510 2021 2455 251 l estois des PP [?] et de [?]

547 2180 2326 270 qui me faisoient celui d'estre de

543 2335 2322 263 mes amis je vous supplie de

539 2476 2315 266 la lui faire voir non pour lui

521 2642 2366 259 demander aucune satisfaction de

539 2790 2234 259 la part du Relligieux dont on se

558 2952 2381 252 plaint mais seulement afin quil

547 3093 2403 251 sache quil a a l abbaye de Ferriere

554 3233 2252 274 un Prieur plus inhospital que

554 3396 2352 192 le Caucase d horace et cela contre
