3285 4435
1823 589 1154 172 de Londres ce 16^ieme de Septembre

817 705 488 185 Rev^nd Pere

2663 742 174 189 1734

1416 846 552 196 repondu

1294 1138 1695 177 il y a quelque mois passez que j'ay écrit

503 1271 2511 162 a mon amis Monsieur Lion Marchand de Londres, qui alors estoit

499 1363 2478 200 a Paris. comme je travaille a une suite des Portraits des Roys

492 1467 2485 207 d'Engleterre, cestoit de luy prier de s'informer par quelle voy

492 1596 2456 174 ce pouvoit procurer, des moüles en plastre des Faces des Roys

499 1692 2475 181 d'angleterre.Henry le deuxième & Richard le premier, dont vous

510 1818 2464 170 avez donner les desseins dans votre tres curieux Tome de la

510 1910 2486 218 monarchie Francoise. par une Lettre de response quil m'ecrit

469 2043 2527 185 il ma donné ésperance que, Rev. Pere, que vous avez eu la bonté

529 2147 2249 185 de luy promettre, par votre correspondent, de les faire avoir,

628 2265 2349 170 comme cet affaire est necessaire a une suite de ce que je

536 2372 2423 207 fait apresent. et ces deux portraits et fort demandé, et retard

506 2494 2475 218 -eray la publication de cette ouvrage, & comme j'entens que

536 2620 2401 199 mon amis Mons^r Lionn est loin de Paris presentment, comme

551 2731 2452 207 je souhaiteray point quil restá en chemin jusque a son retour.

547 2853 2430 199 jespere que vous excuserez cette liberté Mon Rev^nd Pere, de

1161 2853 93 88 m'

558 3012 2357 192 vous donner cette peine, parce que le Public attendent avec

1446 3004 104 93 cest

551 3141 2393 211 impatience ces deux portraits. et la promptitude en cette affaire

540 3248 954 144 fera beaucoup de plaisir

1587 3307 107 78 a

1257 3355 226 193 R.^nd P.

1557 3411 1106 129 votre tres affectioné et tres

1627 3511 622 151 obligée serviteur

2341 3581 537 188 Geo Vertue

177 3899 677 133 adresser pour moy.

1006 3932 1013 155 Graveur en Brown low Street

1058 4035 443 144 Drury lane

1550 4106 273 136 London

166 3706 1328 182 si il est en chemin je vous aurois bien

203 3817 1550 167 des obligations pour une ligne. ou Lettre d'avis

2844 861 108 147 54
