3339 4435
2784 136 203 174 172

465 539 2548 152 Theon & Aphtonig, nous aurons aussi de lui Theophylack sur les Evangelises

469 639 2507 151 dont le m.sct est ici à la bibliothèque, il y en aussi un de Virgile, qui a

458 731 2522 152 servi à m. Bacler, mais il n'en a donné que les Eneides. Strasbourg n'a pas

447 813 2551 147 l'avantage de posseder de belles bibliotheques, celle des Jesuites est la plus consi

462 909 2525 140 derable, il leur vient quantité des plus beaux ouvrages par le canal du

458 997 2533 156 P. Robinet Confesseur du Roi d'Espagne, qui étoit autrefois recteur de cette

469 1090 2518 148 maison cy. Ces Peres là se trouvent fort bien ici, on dit que le grand Chapitre

465 1171 2552 155 de la Cathedrale a offert au Roi de leur laisser les maisons contestées moyen-

462 1263 2499 152 nant un equivalent que l'on a proposé au Roi. Il y aura un des plus

458 1348 2563 145 beaux Colleges de France. Vous savés apparemment que cette cathedrale cy

465 1448 2482 130 a perdu une partie de son éclat par rapport aux preuves que l'on y fait.

458 1533 2492 130 Il n'est plus necessaire que les meres soient Comtesses de l'Empire à la reserve

462 1615 2547 136 de celle du Candidat. Quant aux François il y en aura un tiers qui fera

454 1692 2578 137 les preuves de 4 generations de Duc ou Prince, les meres doivent être ex illistri

454 1796 2544 129 & militari nobilitate, ce sont les paroles des nouveaux status que m. Le C. de

458 1873 2485 126 Loïvenstein, à present Eveque de Tournay, a eu l'honneur de composer avec

465 1947 2559 144 la Cour. Les domicilaires seront obligés d'étudier aux Jesuites s'ils veulent

454 2032 2489 126 tirer le <> d'une prebende qui leur est deu. Le chapitre de Cologne a

787 2040 133 66 quart

462 2102 2503 133 précédé celuicy à relacher ces preuves difficiles, on s'y est vû obligé parce qu'

436 2191 2514 144 il se trouve peu de familles qui y puissent satisfaire, & celles qui le peuvent se

451 2280 2540 155 voyent reduites à ne plus pouvoir se marier ensemble. Il me semble que cette

451 2376 2518 137 grande <>ité vous doit paroitre étrange, nous en sommes surpris nous

824 2376 185 96 regular-

451 2461 2551 140 mêmes quoique nous y soions faits. Il y a bien des autres choses en Allemagne

451 2557 2562 126 qui ne conviennent gueres à celui qui a gouté les manieres aisées de la France,

432 2638 2555 141 je les souffrirois avec patience si nos savans etoient batis comme les votres,

447 2723 2514 148 je voudrois qu'ils eussent vû votre maison, & qu'ils vous eussent pris pour

443 2805 2563 144 modele, Mon Reverend Pere, nous les verrions savans & polis, c'est ce qui

447 2904 2492 141 est votre coin. Il me semble que les lettres vont très mal en Allemagne, il

447 3004 2551 118 ne parait aucun Ouvrage de consequence. Avés vous vû les Observations

451 3074 2492 167 que M. Olearig à Leipzig a publiées sur St. matthieu, ou la Theologie

2806 3163 181 122 mor-
