3059 4329
353 707 2568 313 Jay lhonneur de vous envoyer Mon tres Reverend pere

379 829 2611 314 le dessein dune figure Egiptiene avec touts les atributs dapollon

393 1010 2503 270 exepté la Lire. Comme je lay trouvée singuliere et que

404 1129 2550 292 je nen ay point veu dans aucun cabinet dausi parfaitte

422 1273 2543 296 je lay dessinnée il ya quelque dans le dessein de vous

422 1450 2553 231 lenvoyer, mais des occupations extraordinaires mont fait

429 1565 2492 256 oublier, L'antiquité, je repare comme vous voyez le plus

433 1713 2492 249 que je puis ma fautte, puisque je vous ay deja envoye

411 1843 2496 238 le dessein du Trophee de Bronse que j'ay qui est tres

418 1973 2500 278 joli ; jatens touts les jours une Comodité pour vous

418 2128 2482 224 envoyer mon prefericulle moulé, en tout les je le

433 2269 2546 245 dessineray et vous le récevrez au 1^er jour. La figure

429 2424 2546 241 pautée qui represent le soleil, est de marbre blanc

545 2622 253 108 haute

451 2597 2517 213 de quatre pieds et quelque chose, elle est

437 2720 2484 205 tres bien dessinee et la sculpture en est exellante,

418 2871 2489 202 vous le verrez par le dessein que jen ay fait.

433 3033 2510 195 je nose vous envoyer mes Conjectures, et ce que je

411 3192 2442 217 pense sur cet idolle, je men reporte a vous
