2986 4340
126 611 2432 199 je joins a cet idolle une suitte des Deites Egiptienes

130 784 2432 174 qui mont paru le plus singulieres, vous choisirez

133 943 2462 181 celles que vous trouverez dignes destre incerées dans

112 1095 2519 188 vostre ouvrage, vous y verrez parmi le Dieu crepitus

148 1262 2353 181 qui est for beau et fort rare il est a Marseille

152 1396 2359 191 chez un Curieux, M^r Baudelot pretent que ce

152 1544 2406 202 nest pas ce Dieu la et quil la dans son Cabinét, il

141 1710 2508 188 est vray que je lay veu et que cest ausi ce Dieu du pét

123 1866 2421 170 mais lun nexclut pas lautre, voyla une matiere

141 2025 2483 163 a vous exercer, vous y verrez le Dieu de la Gourmandise

159 2155 2363 181 et le Dieu du pissé, avec un dieu priape lun sans

180 2292 2447 214 lautre fort particullier. Je vous demande pardon

188 2455 2439 192 au reste de navoir pas payé le port de lautre lettre

188 2611 2341 162 je le repare presentement et souhaitte que

94 2752 2454 173 mon petit present vous fasse plaisir. Je suis

141 2896 2504 160 avec un estime Respectueuse mon tres Reverend Pere

141 3027 2077 202 vostre tres humble et tres obeissant serviteur

180 3207 1303 199 a Montpellier le 24^e avril 1720:
