3050 4333
849 1112 994 195 Mon Reverend Pere

386 1426 2230 191 C'est pour avoir l'honneur, de vous remercier tres hum.

350 1552 2313 181 blement de toutes les bontés, dont vous m'avés honnoré

357 1650 2205 234 pendant mon sejour a Paris, et de vous faire part du

364 1790 2259 228 heureux succes de mon voyage, que je prends la liberté

364 1902 2266 246 de vous ecrire cette lettre. Apres avoir fait le tour de Lyon,

379 2029 2259 245 Avignon, Nismes, Montpellier et Toulon, je me suis embar.

411 2155 2180 246 qué a Marseille pour aller a Genes, et de la j'ai

411 2278 2169 278 fait le voyage par terre jusqu'a Rome, en passant

411 2397 2216 271 par Parme, Modene, Bologne, Florence, Pise, Livor.

415 2549 2233 263 no et Sienne. Je me trouve a present a Naples, pour

433 2697 2186 238 voir demain la fete du S^t Janvier, laquelle sera cele.

437 2809 2197 256 bré avec beaucoup de magnificence. Monseigneur l'Ar.

440 2950 2205 249 chevéque de Theodosie m'a reçu avec beaucoup d'affection,

455 3090 2154 239 et m'a ordonné de vous faire bien ses Compliments.

448 3202 2215 239 Permettés donc, Mon Reverend Pere, que je m'acquite de

451 3354 2212 195 cette commission, et que je vous rende grace en meme tems

451 3480 2201 195 d'une Recommendation qui m'est egalement honnora.

462 3600 2230 220 ble et utile. Au reste je ne souhaite rien plus ardamment,

2638 581 83 133 11

2460 3766 127 133 que
