3125 4336
1576 126 1451 177 a Breviande le 28 octobre 1708.

542 1235 2488 156 Je ne scaurois vous remercier assés, Mon Reverend Pere,

397 1416 2637 159 de la part que vous avés bien voulu prendre à ma maladie

401 1582 2568 156 et je vous ai mille obligations des soins que vous vous estes

387 1770 2596 152 donné pour me procurer une correspondance litteraire

387 1922 2589 209 en Sicile. je suis tous a fait sensible à l'heureux succés

387 2117 2633 170 de tous ces soins, et il me tarde de trouver une occasion

390 2298 2637 187 favorable pour vous en temoigner ma parfaite reconnaissance.

387 2485 2557 192 Je vous prie d'estre bien persuadé que je l'embrasserai

368 2673 2576 177 avec tous le plaisir possible, personne n'estant plus

358 2865 2578 184 veritablement que moi Mon Reverend Pere, vostre

365 3042 1714 184 tres humble et tres obeissant serviteur

1406 3201 695 311 l'abbé Bignon
