3064 4369
903 1896 831 201 Mon Très Reverend pere

903 2919 2109 121 Je me donne aujourd'huy l'honeur d'écrire à vôtre Reverence pour l'informer qu'il

903 3007 2088 102 m'est tombé depuis peu entre les mains plusieurs manuscrits qui me paroissent

896 3087 2109 113 meriter son attention, ils sont de l'Abbaye de S^t Wandrille, le premier est la grande

899 3163 2103 110 chronique de ce monastere qui renferme plusieurs choses qui n'ont point été citées

907 3243 2087 110 par l'auteur du spicilege ni par M.^r Duchesne, come un discours à la loüange de S.^t

899 3324 2110 116 Wandrille, le cathalogue des Religieux de la maison qui ont été élevez à l'episcopat

892 3404 2117 109 & c. Le 2.^m̃e manuscrit est un ancien Sacramentaire à l'usage du monastere où

899 3484 2106 105 il se trouve des choses fort curieuses, come exorcismes, prieres et Benedictions il

896 3571 2102 106 y en a pour toutes les actions de la vie d'autres que l'on doit reciter dans tous les lieux

896 3640 2091 131 et officines du monastere, celles pour le lardarium et ad(???) den das barbas sont singulieres.

896 3724 2091 138 celuy qui a écrit ce sacramentaire se nommoit Guillaume, son seing est à la fin

896 3808 2102 124 accompagné d'une croix et de deux où trois lignes d'écriture qui renferment

903 3892 2095 123 de terribles imprecations contre ceux qui oseront voler ce livre au monastere

899 3975 2092 164 Les deux autres manuscrits, sont deux anciens Messels, l'un Anglican et l'autre
