2935 4386
182 614 2449 157 quelque bon Ms. des deux Scholistes, Aeson, &

175 727 2431 183 Porphyrion. N'y en auroit-il pas quelquns dans

168 851 2427 176 la Bibliothèque du Roy, ou celle de feu M.^r

164 968 2515 205 Colbert ? Je voudrois bien en revanche pouvoir

153 1100 2427 193 vous estre bon ici à quelque chose, & vous

160 1239 2453 197 marquer la parfaite estime avec laquelle

164 1366 2390 220 j'ai l'honneur d'estre, Mon Révérend

179 1527 2218 187 Pere, votre très humble & très

208 1703 1012 208 obéissant serviteur

1158 1776 1345 325 Le P. Bouhier

233 2291 2336 201 Comme je vous sais presentement à Paris,

175 2441 2471 186 permettés moi de vous prier de faire mes

208 2576 2405 183 complimens au R. P. Dom Martenne, &

208 2722 2390 198 de lui dire que j'ai reçeu sa lettre du

226 2872 2431 194 5. de ce mois, & que je le prie de me

208 3029 2518 191 garder deux exemplaires de sa nouvelle collection,

219 3172 2449 245 que je prendrai sûr le pied qu'il me manque.
