3203 4351
1356 79 1393 211 a Forges le 6 de Juillet 1713.

511 725 2604 188 M. Brenkman, Mon Reverend Pere, m'a rendu ce matin

453 899 2659 235 la lettre que vous m'avés fait l'honneur de m'ecrire le 2.

446 1091 2677 236 de ce mois ; et dans un pais doù l'on banit toutes les sciences

460 1290 2663 214 et où l'on defend même la moindre application, ce m'a

449 1493 2656 182 esté une consolation sensible de recevoir de vos nou-

438 1678 2616 207 velles, et de parler avec un homme si passionné pour

442 1860 2688 239 les belles Lettres. Je suis cependant tres mortifié pour lui

467 2055 2663 247 qu'il ait pris la peine de venir jusqu'ici. Mais je suis

471 2262 2648 225 plus mortifié encore de voir si peu d'apparence de

464 2422 2622 253 succés pour son projet : je le connoissois deja, M.

467 2639 2670 250 Masson me l'avait communiqué, et je l'avois presque

475 2839 2655 217 regardé comme une de ces belles idées qui ne peuvent

478 3002 2630 250 se reduire à execution. Le detail des raisons seroit

2843 61 127 156 17
