3077 4353
885 25 965 178 a Alicant ce 3.^e avril 1717

1919 36 250 130 répondu

743 652 1169 178 Monsieur, et mon tres cher Pere

729 961 2286 181 M. ̃ Marebeuf negociant françois établi en cette ville, frere de

667 1117 2348 185 celuy qui a le bien de vous connoistre, doit partir aujourd'huy méme

674 1255 2326 177 pour aller faire un petit tour en France pour ses affaires ; et comme

671 1385 2275 185 naturellement il ira jusqu'a Paris, je l'ay chargé de vous aller

667 1530 2319 174 voir en mon nom, pour vous assurer que je suis gros et gras, et que

671 1643 2311 188 je me porte bien, et vous temoigner dans le méme tems l'estime et

649 1781 2344 185 la veneration que j'ay et auray tousjours pour vostre personne. Comme

649 1911 2330 167 je conte que vous estes tres persuade qu'elle est parfaite, et que

653 2031 2318 174 je conserve tousjours les mémes sentiments, et la méme amitié pour

642 2158 2322 178 vous, que lorsque j'ay eü l'honneur de vous connoistre la pr.^e

656 2285 2286 159 fois, et de me declarer vostre filz d'adoption il y a vingt ans,

653 2408 2297 182 je ne doute que vous n'écoutiez avec plaisir M ̃ Marebeuf,

642 2521 2300 203 qui pourra vous parler amplement de moy, et de l'état de toutes

645 2658 2308 182 mes affaires ; et comme je le considere et estime beaucoup a cause

645 2775 2290 177 de son bon coëur et de ses belles qualitez, je prens la liberté

649 2912 2282 182 de vous le recomander particulierement, afin que vous luy fassiez

656 3028 2243 374 l'honneur de le recevoir en vostre bonne grace ; vous connoitrez

2696 65 148 112 43
