3076 4373
83 969 2340 167 un très honet'homme, et qui joint a sa grande vivacité toute la

76 1107 2314 179 politesse et la droiture possible, et qui est par consequent tres

69 1228 2329 156 digne de vostre estime, et de celle de toutes les personnes de

76 1351 2322 172 merite ; J'attends de recevoir a son retour bien des nouvelles de vostre

61 1483 2333 164 santé, de vos affaires, et de vos grands ouvrages ; au cas que M. ̃ son

72 1588 2304 226 frere n'eüt pas encore fait pour moy la souscription pour celui

58 1752 2310 179 de L'Antiquité expliquée, que je luy ay fait charger il y a tres

65 1876 2340 182 long tems, il la fera pour moy a son arrivée, et je vous prie

76 1989 2311 182 de la faire admetre, au cas que cela arrive, quoy que le terme

1902 2099 445 87 d'estre persuadé

32 2139 2333 167 en soit expire. Je vous prie, Monsieur, et mon cher papa, qu'

80 2252 2299 167 on ne peut rien ajouter a la consideration, et au respectueux

87 2368 1775 182 attachement, avec lequel j'ay l'honneur d'estre

102 2492 962 171 Mon tres Reverend Pere

54 2638 1068 208 Mons^s le Doïen se prepare a

72 2758 1148 197 entreprendre au plus tot le voiage

1239 2769 1093 200 Vostre tres humble serviteur, et tres

91 2853 1053 193 que vous sçavez. Il se porte

1636 2940 317 117 obeissant

102 2955 1104 197 bien, et m'a chargé de vous faire

91 3064 1264 168 beaucoup de compliments de sa part

94 3163 1152 262 R. P. D^n Bernard de Montfaucon
