3552 5280
378 435 167 110 fig.

369 466 2381 194 sauveur. pere, sacrificateur, hostie, nourriture, Roy, sage, legislateur

448 633 2254 167 affligé pauvre, devant produire un peuple, qu'il devoit >nour< conduire

457 765 1101 128 et nourrir, & introduire dans sa terre,

325 932 396 163 J. C. offices

638 1020 167 110 luy seul

994 906 167 211 gñd

356 976 2350 251 Il devoit produire un peuple esleu saint & choisy, le conduire, le nourrir

374 1108 2161 229 l'introduire dans le lieu de repos & de saintete, le rendre saint a dieu,

629 1284 75 88 le

1505 1183 1369 141 ‸ le sauveur de la colere de dieu le delivrer de la servitude du

308 1267 2280 207 en former >un< temple de dieu, le Reconcilier a dieu, ‸ >sacrifier a dieu<, donner

2764 1280 96 92 peche

2601 1289 268 167 qui regne

330 1386 2060 176 des loix a ce peuple, >soffrir< graver ces loix dans leur cœur

2539 1412 339 172 dans l'hom ̃

2645 1390 189 75 visible ̃

330 1531 2152 171 soffrir a dieu p ̃ eux, se sacrifier p ̃ eux, estre une hostie sans

374 1632 2500 202 tache, & luy mesme sacrificateur, devant >< offrir luy mesme >&

2002 1760 471 136 Ingrediens mundum

127 1777 1145 189 & neantmoins offrir pain & vin a dieu,

1971 1839 383 136 pierre sur pierre

1971 1826 898 228 Ce qui a precedé Ce qui a suivy tous les Juifs

2689 1914 202 158 subsistants &

2676 1966 184 110 vagabonds.

316 1931 1365 238 Propheties : transfixerunt Zach. >102< 12. 10.

356 2010 2452 234 qu'il devoit venir un liberateur qui ecraseroit la teste au demon, qui devoit

321 2116 2491 229 delivrer son peuple de ses pechez, ex omnibus iniquitatibus. qu'il devoit >estre< y avoir

338 2217 2417 198 un nouveau testam ̃, que seroit eternel, qu'il devoit y avoir une autre prestrise

360 2314 2412 176 selon lordre d Melchisedech. que celle la seroit eternelle, que Le Christ devoit estre

365 2380 2443 172 glorieux, puissant, fort, & neantmoins si miserable, quil ne seroit point reconnu. quon ne

378 2433 2377 189 le prendroit point p ̃ ce quil est, quon le rebuteroit, quon le tueroit, que son peuple qui lauroit

396 2521 2288 136 renié ne soit plus son peuple, que les Idolatres le recevroyent & auroyent recours a luy, qu'il quitteroit

391 2534 2403 198 Sion p ̃ regner au centre de l'idolatrie, que neantmoins les Juifs subsisteroyent toujours, qu'il devoit estre d

2143 2578 700 211 Juda, & quand il ny auroit plus d Roy

1575 2675 75 154 +

1241 2741 347 167 figures

770 2824 2029 190 Des qu'une fois on a ouvert ce secret il est impossible de ne le

787 2934 1994 181 pas voir quon lise le vieil testame ̃ en cette veue & quon voye

814 3036 2024 189 si les sacrifices estoyent vrais, si la parenté d Abraham estoit

827 3146 1937 171 la vraye cause d̃ lamitié d̃ Dieu, si la terre promise estoit le

840 3247 1739 154 veritable lieu de repos ? non donc cestoyent des figures

853 3344 1884 193 quon voye de mesmes toutes les ceremonies ordonnees & tous les

858 3467 1888 158 commandem ̃ qui ne sont point p ̃ la charité, on verra que cen

867 3568 1346 154 sont les figures, >ou que cestoyent des nia<

360 3586 361 202 Scavoir si les

352 3740 290 180 prophetes

347 3828 370 162 arrestoyent leur

387 3946 321 124 veüe dans

382 4039 436 163 lancien testamẽt

369 4162 247 136 ou s'ils y

334 4219 453 159 voyoyent d'autres choses

827 3682 2025 159 Tous ces sacrifices & ceremonies estoyent donc figures ou

818 3784 2020 198 sottises, or >< il y a des choses claires trop hautes p ̃ les

858 3946 519 88 estimer des sottises

2922 259 132 194 37

1307 4158 317 61 pouvoyent

1188 4127 1144 180 Q >peuvent< faire les Juifs ses ennemys.

1742 4246 84 79 Ils

2033 4237 326 127 ‸ par leur reception

1179 4254 1144 154 sils le recevoyent >cestoit< le prouve>r

1179 4360 1114 136 les depositaires de lattente du messie

1206 4435 1069 180 le recoivent & s ils le renoncent ils le

1170 4527 881 150 prouvent par leur renonciation
