7115 5385
4439 861 2352 211 Je soussigné Prestre Chanoine de l'Eglise de Clermont Certifie

4556 1000 2208 148 que le present volume contenant pages dont il y

4560 1099 2164 148 en a plusieurs en blanc a esté trouvé apres la mort de

4547 1207 2262 161 Monsieur Pascal mon Oncle parmy ses papiers et est en partie

4560 1314 2177 148 ecrit de sa main, et partie qu'il a fait copier au net sur sa

4565 1427 2289 166 minute, Lequel Volume contient plusieurs pieces imparfaites

4560 1534 2164 148 sur la grace et le Concile de Trente, et je l'ay deposé dans

4583 1646 2204 162 la Bibliotheque de l'Abbaye de S^t. Germain des Prez a Paris

4578 1777 2209 170 pour y estre conservé parmy les autres manuscrits. fait a

4574 1889 2056 188 Paris ce vingt cinq septembre mille sept cent unze.

4807 2005 651 283 Perier

6652 655 54 112 B.
