7079 5281
4780 778 982 176 L'an de grace 1654.

4626 871 1229 167 Lundy 23.^e Nov.^bre. jour de S.^t Clement

4662 972 1518 181 Pape et m. et autres au martirologe Romain

4670 1060 1308 154 veille de S.^t Crysogone m. et autres, &c.

4662 1144 1408 141 Depuis environ dix heures et demi du soir

4701 1249 1154 110 jusques environ minuit et demi

5340 1333 228 136 FEV.

4666 1417 1616 167 Dieu d'Abraham. Dieu d'Isaac. Dieu de Jacob

4516 1518 1484 149 non des philosophes et scavans.

4622 1637 1497 140 certitude joye certitude sentiment veue joye

4842 1733 942 146 Dieu de Jesus Christ.

4622 1826 1127 149 Deum meum et Deum vestrum.

5617 1914 440 132 Jeh. 20. 17.

4653 1975 1276 163 Ton Dieu sera mon Dieu. Ruth.

4648 2099 1581 154 oubly du monde et de tout hormis DIEV

4609 2196 1497 171 Il ne se trouve que par les voyes enseignées

4666 2306 1743 180 dans l'Evangile. Grandeur de l'ame humaine.

4574 2407 1474 158 Pere juste, le monde ne t'a point

4714 2517 1405 136 connu, mais je t'ay connu. Jeh. 17.

4574 2578 1250 207 Joye Joye Joye et pleurs de joye

4582 2732 815 115 Je m'en suis separé

4587 2798 999 154 Dereliquerunt me fontem

4618 2900 1157 162 mon Dieu me quitterez vous

4635 2988 1664 198 que je n'en sois pas separé eternellement.

4525 3142 1708 193 Cette est la vie eternelle qu'ils te connoissent

4587 3247 1659 185 seul vray Dieu et celuy que tu as envoyé

4613 3353 533 128 Jesus Christ

4587 3445 638 137 Jesus Christ

4596 3569 1778 167 je m'en suis separé je l'ay fui renoncé crucifié

4618 3696 1157 115 que je n'en sois jamais separé

4609 3767 1668 180 il ne se conserve que par les voyes enseignées

4604 3859 670 132 dans l'Evangile.

4560 3951 1255 146 Renontiation Totale et douce

4582 4057 1730 154 soûmission totale a Jesus Christ et a mon directeur.

4578 4145 2016 203 eternellem^t. en joye pour un un jour d'exercice sur la terre.

4609 4246 1541 172 non obliviscar sermones tuos. amen.
