3037 4392
36 1742 2147 120 Romain dont il parôit qu'on se servoit à S.^t Wandrille, il contient de singulier

40 1826 2147 132 beaucoup de prefaces propres et une messe pour les enfants morts après le baptême

43 1914 2103 117 dans les collectes de laquelles on Demande à Dieu de leur accorder le salut. come je

40 1987 2143 113 n'ai jetté que rapidement les yeux sur ces manuscrits, je ne puis vous en donner

43 2060 2133 121 une plus grande connoissance, si par le peu que je viens de vous dire vous jugez à

47 2148 2121 99 propos d'en prendre la notice je me ferai un devoir et un plaisir en même tems

43 2225 2133 91 de vous l'envoyer, n'ayant rien plus à cœur que de vous être bon à quelque chose

32 2287 2140 117 et de vous donner de plus en plus de preuves de mon attachement le plus respectueux

36 2368 2125 120 et du parfait devoüement avec lequel j'ai l'honeur d'être en faisant mille

36 2452 901 131 vœux pour vôtre conservation

1040 2737 1117 191 Mon très Reverend pere

1003 3319 912 147 De vôtre Reverence

58 3791 649 154 de Roüen ce 21. janv.

945 3736 1154 216 Le très humble et très obeïssant

930 3916 1059 124 serviteur F.^r P. F. Boudier

54 3993 2114 120 come ces manuscrits ne sont icy que pour peu de tems s'il y a quelque chose dont vous souhaittiez

54 4069 2103 132 avoir communicaion je vous prie de m'honorer au plutôt d'une reponse afin que je puisse

62 4150 1253 117 vous satisfaire pendant que je les ai entre les mains.
