3082 4369
597 600 2433 204 Jai receu enfin, Mon Révérend Pere, le Catalogue

586 786 2350 138 de M.^r le Baron de Crassier, dont vous avés

579 932 2375 142 eu la bonté de me régaler, & dont je vous

571 1070 2361 142 rends mille graces. Il y a une infinité de

571 1201 2332 160 choses rares, & curieuses, & c'est un des plus

568 1332 1654 175 beaux ramas, qu'on puisse voir.

699 1496 2273 193 Vous me faites plaisir de m'apprendre que

590 1634 2328 150 nous aurons bientot le supplément de vos

571 1758 2416 164 Antiquités, & la suite de vostre S.^t Chrysostome

593 1896 2314 171 On verra avec grand plaisir vostre dissertation

571 2035 2303 145 sur les ouvrages de ce Pere, & l'Article

586 2188 2266 174 que vous a fourni le Guillelmus Pastrengicus

586 2333 1632 139 ne sera pas un des moins curieux.

724 2515 2252 153 Je vous suis bien obligé de votre attention

561 2643 2327 142 pour les Mss. d'Horace. Celui de Corbie,

564 2785 2379 145 dont vous me parlés, m'a fait venir l'eau

553 2912 2321 157 à la bouche. J'ai grande impatience de

553 3029 2292 164 scavoir si je pourai l'avoir par vostre

561 3171 2327 182 moyen. je suis bien aise surtout de trouver

1755 109 1126 167 Dijon 21. Decemb. 1723

2826 298 150 160 191
