3104 4321
439 965 252 176 P. C.

432 1429 1051 133 Mon Reverend Pere

446 1858 2409 126 Notre Communeauté et Moy nous remercions tres humblement

464 1969 2341 155 Votre Révérence du magnifique present qu'elle a la bonté de faire

2549 1940 151 90 nous

471 2106 2481 137 du premier tome des Monuments de la monarchie francoise

486 2218 2250 129 nous l'avons receu depuis deux jours sain et sauf et tres bien

468 2326 2484 136 conditionné. c'est un esfeit de votre liberalité de nous donner un livre

464 2455 2492 119 si important ; que nous ne meritons que par les bonnes dispositions

478 2567 2341 126 ou nous sommes d'applaudir à la gloire que vous acquerez

2329 2542 126 72 vous

482 2679 2326 133 par tant d'excellents ouvrages dont chacun en particulier

489 2776 2355 147 rendroit un autheur tres illustre. depuis tres longtemps vous étes

486 2895 2502 140 mon heros pour la litterature et je benis le Seigneur d'avoir assemblé

496 3021 2492 126 dans vous tant de differents et dans un degré si éminent. Je souhaitte

1472 2999 144 97 talents

496 3118 2345 129 ardemment quil vous conserve la santé et la force d'esprit et

489 3244 2467 126 de corps pour remplir une si belle carrière j'ay été fasché de

500 3359 2308 133 n'arriver icy que dans le temps ou Monsieur Benoit, votre

482 3467 2380 119 dessignateur étoit sur le point d'en partir son ouvrage etant fini

478 3568 2366 130 J'ay eté charmé de sa douceur de sa modestie et de sa politesse

478 3680 2514 126 J'ay vû avec plaisir tout ce quil à dessigné, et permettez moy d'ajouter

500 3777 2254 162 quil seroit à souhaitter que les graveurs a n'y rien adjouter sous

1854 3762 367 80 fussent exats

2657 817 104 119 21
