4959 6752
1896 697 636 248 Monsieur

2060 973 2521 219 Estimant au point que Je fais vostre rare merite et

2043 1153 2510 158 l'honneur de vostre amitié, rien ne me Scauroit venir

2048 1327 2516 237 de vostre part qui ne me soit tres agreable et tres cher,

2071 1558 2403 141 vous ne vous contentés pas de donner au public

2048 1716 2511 180 les richesses de vostre cabinet, vous voulés aussi en faire

2020 1896 2544 214 part a vos amis particuliers, Je m'en sens extremement

2037 2087 2533 219 vostre obligé que vous m'ayés voulu mettre du nombre

2037 2278 2437 197 et suis bien marry pour le présent de ne pouvoir

2043 2464 2465 214 vous offrir que des actions de graces, peut estre que

2032 2655 2482 197 le temps me donnera moyen un Jour de vous

2032 2830 2459 214 tesmoigner l'estime que Je fais de vostre vertu et

2020 3032 2483 265 l'enuie que Je porte aux Estrangers de ce quils

2032 3280 2386 186 en sont dépositaires plustot que vos compatriotes

2032 3471 2403 191 cependant Je vous demande la continuation de

2001 3657 2440 321 vos bonnes graces et quil vous plaise disposer de

2026 3859 2443 265 moy comme dune personne qui est veritablement

1773 4253 669 231 Monsieur

3056 4400 1441 258 Vostre tres humble et tres affone

3011 4585 563 237 serviteur

2969 4664 1517 425 JrVuirn

1069 4771 1447 281 Munster le 20^e Juillet 1648

1069 4979 946 248 M. Saumaise

4182 540 214 185 12
