4958 6759
1002 1357 1724 338 Monsieur Mon Cousin

1104 1678 3177 417 dans le passage que le Roy a fait En ceste

1183 1954 2896 321 ville ma bonne fortune me donna pour

1160 2179 2603 310 hoste Monsieur le Comte de Brullon

1194 2399 3059 366 Introducteur des Ambassadeurs homme de lettres

1160 2636 3116 383 et fils d'un president de Bretagne, En quelque

1171 2883 3116 361 conference que Jeus lhonneur davoir avec luy

1166 3120 3115 310 vostre merite quil cognoisoit parfaictement

1205 3334 3026 338 fust un principal Entretien et luy donna

1194 3537 3048 343 subiect de me demander le subiect de vostre

1188 3768 3071 343 retraicte en hollande, ie luy en dicts ce que

1194 4021 2924 287 ie croyois En pouvoir ostredict de ce que

1171 4218 2964 321 Monsieur mon oncle men avoit apris, Il en

1239 4410 2913 355 Insista si vous nauriez point de []

1216 4624 2874 372 pour le retour, & quil En voudroit tres

1188 4860 2913 316 volontiers faire la negociation avec

1177 5097 2952 298 Monseigneur le [] avec lequel il

1205 5317 3003 264 avoit lhonneur destre tres bien, iceluy []

1222 5502 3031 305 de tres humbles remerciements et que ie advertiray

1216 5756 2913 304 Monsieur Mon oncle qui ne manqueroit pas

1200 5970 2952 259 de les acquiter lui mesme si sa sante et son

1205 6167 2964 265 age le luy permettoient, mais nayant peu faire

3825 1284 209 180 120
