4960 6759
2102 394 237 3560 Monsieur le Coadiuteur  vous baise tres humblement. ie connois tres familierement

1843 518 281 3334 vostre fils doibt servir, & ie ne manqueray pas de le luy bien recommander.

1860 484 366 3334 Monsieur le Marquis de Noirmoutier qui est Marechal de camp de larmée où M

2356 732 800 259 Monsieur

2395 1087 1950 214 Il y a cinq ou six semaine que ie me

2395 1256 1984 185 donnay l'honneur de uous escrire. depuis

2406 1419 2001 214 ce temps là ie n'ay point reseu de lettre

2412 1599 2023 197 de vous, ce qui me fait

2401 1768 1967 192 ne vous a pas esté rendüe. Je uous

2423 1931 1900 192 mandois entre autres choses qu'on alloit

2412 2089 1939 175 commancer à imprimer le liure de M.

2406 2230 2041 242 Fabrot, & ie uous priois de me faire sauoir

2401 2416 1955 214 si vous desiriez que ie uous en ennuiasse

2418 2574 2000 202 les

2401 2731 2012 209 liure est présentement imprimé. mandez moy

2395 2883 2007 231 s'il vous plaist si vous voulez que ie uous

2406 3024 2035 220 l'enuoie & par qu'elle adresse. le volume est in

2412 3193 2057 203 4° & quoyqu'il ne soit pas fort gros, car il n'est

2423 3300 2052 259 que de vingt feuilles, il >< vous coustera beaucoup

2412 3463 2046 237 si on vous l'enuoie par la poste. attendant

2406 3599 1505 293 vos ordres là dessus ie demeureray

3325 3717 1110 180 Vostre tres humble & tres obeissant

3077 3655 535 406 Serviteur

2175 3785 592 304 Monsieur

3720 3723 682 349 Menage

3370 287 1009 214 A Paris ce 22 Fev. 1647

4165 484 214 146 162
