4959 6579
1420 1721 560 208 Monsieur,

1459 1951 2710 242 A mon retour de nostre synode i'ai trouvé vostre tres aggreable,

1492 2072 2660 241 y joinste l'harangue de m^r Morûs, dont ie vous remercie. ce perso-

1497 2193 2633 235 nage devient plus celebre, par la diversité du jugement que les

1486 2319 2545 230 doctes en font. quelques uns trouvent les louanges qu'on lui

1514 2434 2517 225 donne excessives, prejudiciables mesmes à son advancement

1486 2554 2584 214 en ce pays icy. car ils disent, s'il est tel, comme ces attestations

1481 2648 2731 257 tant de l'Eglise que de la Republique de Geneve nous le descrivent

1497 2796 2644 202 in amplissima forma; d'ou vient qu'ils permettent qu'une telle [escri?]-

1481 2889 2677 241 qui n'est point encore en son zenith, se transporte sur un autre

1486 2993 2622 219 horizon. notamment ^puis^que les célèbres de leur Academie s'en vont

1481 3108 2638 214 coucher et mourir. L'eglise de Geneve est bien autre que celle de

1426 3212 2775 236 Middelbourg. Et une ancienne Academie est bien plus venerable, qu'une

1470 3333 2688 252 escole illustre qui est encore au berceau. si l'argent l'amorce, il

1459 3464 2540 220 n'a pas l'ame tant heroique, comme il est exalte. Qui plus est,

1459 3569 2545 230 l'on soupçonne fort qu'il ne soit infecte de plusieurs heresies,

1453 3667 2716 252 principalement de celles qui sentent l'air de saulmur. comme ces

1448 3793 2732 242 esprits forts, ieunes et presomptieux font souvent des eschappades

1448 3919 2682 236 bien dangereuses. Tels ne seroient point tolerés en Zelande;

1459 4018 2737 241 où l'air est tout autre qu'en Hollande. Et pourtant nostre assemblee

1459 4133 2704 263 synodale à trouvé bon de cheminer en cet affaire à pied de plomb.

1470 4237 2638 258 nullum esse periculum in mora sed in moro. Vous aurez entendu

1475 4347 2716 258 plus pertinement nos resolutions par m^rs du Pré et massis. et pourtant

1470 4451 2710 258 ie n'en escriray rien d'avantage. seulement adiousteray-ie que ie m'esti-

1448 4555 2732 280 meray grandement honoré de la continuation de vostre bonne affection

1442 4676 949 192 Et seray à tout iamais

2408 4895 713 203 Monsieur

2589 5137 1366 263 Vostre tres humble et tres

2786 5312 785 143 obeissant serviteur

2940 5455 680 202 AndréClvius

1157 5279 538 126 Dordrecht

1146 5372 708 187 27. d'Avril 1648.

3746 6123 280 253 196

3779 1463 252 198 346
