4959 6578
2188 2982 379 158 Monsieur

2232 3102 2002 132 Estant arrivé icy hier au soir de nostre voÿage de la

2216 3179 2035 170 province de [Gerdres], avec intention de vous venir trouver

2205 3289 2013 158 pour nostre voÿage vers la Province de [], nous

2227 3365 2150 159 recevons en memes instant un messager exp[], qui nous

2238 3464 2007 142 apporte [] du trespas d'un mien oncle, estant

2210 3557 2167 181 arrivé cher moy le jour avant que je partis de []

2238 3645 2062 137 de sorte que je me trouve Empescher de poursuivre mon

2238 3711 1985 153 desein, et constraint de partir d'icy tout droict au

2227 3804 2128 170 logys pour donner ordre a l'enterrement dudict oncle,

2221 3881 2107 153 ou bien au renvoy de son corps en frise, où il a eu

2227 3990 2084 143 sa maison ; je suis grandement affliger de ne pouvoir

2238 4067 1996 159 jouir du bonheur de vous accompagner en ce voyage

2188 4144 2151 153 toutefois j Espere que monsi [] vous pourra tenir

2243 4226 2156 175 compagnie ; le jour qu'il vous plaira prendre n'estant

2227 4335 2035 138 [] entendu de vostre depart, me fera solliciter en

2227 4423 2068 143 jacht, pour vous conduire de Rotterdam jusques dans

2199 4511 2178 148 nostre ville, ou nous vous attendrons, avec madame

2183 4615 2150 137 vostre chere matre et la compagnie qu'emmenerer

2238 4692 2051 126 avec vous, avec une impatience indicible, et

2227 4774 2051 132 prierons nostre bon Dieu qu'il luÿ plaise vous

2243 4856 2019 143 donner un mellieur temps que nous avons eu en

2232 4949 2134 159 ce petit voyage, la pluÿe et tempestes nous ayant plus

2232 5065 2019 126 souvant accompagner que le soleil toutefois, si

2238 5147 1969 109 le soleil nous manque, le feu supplera au

2232 5218 2041 143 defucnt ; et le bonheur de pouvoir jouir de vostre

2238 5322 2112 148 bonne compagnie nous donnera le contentement, que

2243 5432 2123 104 l'esté nous pourroit autrement fournir, Attendant

2243 5498 2140 153 doncq d'estre [] certain de jouir de vostre depart

2095 5602 2167 153 je demeureray apres mes bienhumbles baisemains a

2221 5679 774 169 Madame de Samnais

2331 5799 483 214 Monsieur

1727 5854 582 312 le 26. d'Aoust [1600?]

3274 5898 1103 230 Vostre tres humble et tres obeissant

1771 5975 324 433 A utrecht

3428 5942 307 323 serviteur

2413 6029 609 214 []

3505 6029 888 373 Henrick Thibault

4031 6013 203 378 []

4037 2916 192 224 357
