4959 6575
1780 219 636 202 Monsieur

4043 219 220 213 401

1824 465 2493 236 Je ne scay qu'a demi le contenu des vos dernieres, pour ce que les ayant

1835 613 2477 214 parcourues bien a la haste, je les fis porter a la Reine, en intention de les

1835 756 2477 175 lire devant elle plus a loisir. Mais elles les mit a sa poche, et puis

1841 898 2504 225 je ne scay ou dans on cabinet, d'ou je n'ay encore pu les retirer. Ce dont

1808 1046 2542 208 je me souvien ce me semble est qu'apres avoir exprimé les deux sujets que

1841 1161 2559 219 vous avés de vous plaindre de m. Vossins, vous temoignés neantmoins n'estre

1786 1315 2646 224 pas irreconciliable et estre prest de luy pardonner en consideration de la Reine,

1841 1462 2586 209 qui comme je vous ay escrit luy porte encore de l'affection, pourveu qu'on

1841 1605 2570 252 vous face voir la copie des lettres de satisfaction qu il vous doit avoir escrites,

1857 1731 2548 257 et quelles se trouvent aussi humbles que je les avois depeintes. De quoy

1830 1890 2608 235 j ay loué Dieu de bon cœur, qui est celuy qui a mis au [vostre?] ceste bonne

1819 2021 2526 269 et sainte disposition, et qui parfera sil luy plaist l'œuvre qu il a si bien

1863 2186 2591 241 commencé, tant pour sa gloire que pour vostre bien. Je dy vostre bien, car quoy

1868 2339 2482 236 qu'on die, et quelque bonne mine qu'on face, on n'a jamais l'esprit a repos

1868 2482 2625 235 tant qu'on en a contre quelcun. La cholere et le despit sont des passions qui

1879 2635 2625 225 nous rongent et nous font vieillir avant le temps. Et nous aprenons a nos

1863 2761 2635 252 despens qu il n'y a rien de si veritable que la maxime de l'eschole que omne

1863 2947 2641 203 agens repatitur. Et puis ceux qui sont comme vous par le grand theatre sont

1868 3046 2619 241 fort sujets a estre [controillés] de beaucoup de gens, Et ayans tant de millions qui

1874 3188 2564 203 voyent et qui jugent de leurs actions, il les doivent regler si bien qu ils ne

1890 3320 2537 312 doivent aucune prise a qui que ce soit. Il me sied fort mal de donner ces
