4957 6574
1036 1928 2133 148 a son retours de Roüen [] au cabinet, je le mis sur les

1014 2016 2127 202 nottes de NT. et lui tasté le poulz ; il est tombé dans

965 2158 2253 192 L'opinion des hollandais, il me dies qu'il vouloit luy demā-

1008 2317 2155 142 der comment il entendoit l'explication de ce passage :

1008 2448 2227 181 antequam abraham usset, Ego sum, qu'il expliq destinaoē

997 2607 2216 159 et non pas selon Toute la Theologie extermitate existentia

997 2733 2205 197 il se sauvera par un autre, et dira que la il est parlé des

959 2887 2303 202 filio incarnando, non pas de filio proutest apud Parrem,

1003 3002 2193 202 mais qui l'approuvera : Pour l'opinion en laquelle ie vous

987 3177 2193 164 vois de ne fē aucun distinction entre la différence et oppo-

981 3281 2215 164 sition des Payens et des Chrestiens et celle de chrēn a chrēn

987 3413 2160 147 ell'est a mon avis erronée, il ny a iamais eu rien pour le

997 3528 2243 202 culte et les dogmes de la Religion qui ayt pu estre compte

970 3692 2254 164 εv loiς adjaϕópoiς entre les Chrestiens et les Polastres mais

992 3829 2226 115 vous ne sçauriez nier qu'il n'y ait des Choses entre vous et

970 3917 2226 186 nous qui obmises ou pratiquées ne donnent causes aucun

943 4064 2270 192 Schisme entre nous dans la communion des Catholiques,

970 4218 2221 148 nous en avons, et des Societez s'astreignent a certaines obser-

970 4322 2188 192 vations que les autres ne pratiquent iamais et ne les

965 4464 2231 176 blasment point, aussi, ce sera lorsque i'auray l'honneur

948 4601 2204 192 de vous revoir que ie vous entretiendray plus particu-

948 4760 2177 121 lierement cependant ie demeure Vtrē tres humble et

943 4870 2149 181 tres obeissant serviteur Roulliau. Vous trouverez icy un

943 4990 2220 230 billet envoyé de Rome escrit de la main du deffunct sieur

910 5144 1957 263 Bouchard touchant quelques Mss. des Tactiques.
