4963 6575
2670 2931 1475 219 De Venise le 25 May 1646.

2341 3221 587 302 Monsieur

2555 3419 1695 241 Il y a quinze jours que je vous escrivis

2566 3545 1716 235 mais ma lettre fut oubliee, la semaine

2593 3676 1695 203 passee je neus pas la commodité de la

2593 3775 1695 208 faire. Le peu de nouvelle que nous

2582 3862 1777 203 avons consiste a la prise de Porto Tela-

2615 3988 1772 187 mone e San Stephano par nostre armee

2358 4092 2012 198 de mer dans les costes de Toscane, nostre armee

2621 4175 1716 219 assiege Orbitello. le Prince Thomas est

2621 4262 1629 263 general. Le grand Duc s'est mis en

2621 4361 1683 246 neutralité. Le Pape est in ancipiti &

2654 4487 1694 252 pourtant il monstre qu'il se relasche un

2687 4602 1508 258 peu pour la france. Les Espagnols

2665 4706 1722 258 seront chassés de la Toscane avant la

2676 4887 400 192 my juin.

2665 4920 1672 246 Du costé de Levant l'on tient que les

2692 5062 1651 203 Turcs sont sortis par mer mais moins

2687 5150 1733 219 forts de ce que l'on a creu cy devant

2709 5254 1573 192 l'armée de ces M^rs est retournee de

2714 5325 1689 219 Tenedo en Candie apres y avoir perdu une

2703 5424 1645 235 piece de canon & quelques prisonniers

2687 5550 1656 214 M^r de la Valette est perdu avec ces

2698 5643 1694 225 M^rs cy, Il sera obligé de quitter leur

2681 5742 1651 219 service ayant ados les Corneri, Pesari,

2720 5851 1683 214 Giustiniani e Mocenighi. il est hay deux

2665 5944 1574 263 po^r leur avoir trop reproché leurs

4080 3084 153 137 411

4069 6070 197 307 230
