4958 6570
2158 240 603 219 Monsieur

2158 974 2153 230 Vostre silence me dit assés que Vous estés fas-

2180 1084 2115 224 ché de mes irresolutions & de ma lenteur

2180 1209 1923 192 à suivre Une vocation qui Vous a tant

2169 1297 2098 203 cousté de peines Mais pouveu qu'il Vous

2174 1401 2060 236 plaise m'accorder une grace, qui est de ne me

2180 1505 2137 225 condamner point jusqu'a ce que Vous m'ayés je

2174 1598 2132 219 ne dirai pas oüy, mais Veu, je me fai tort

2169 1730 2016 224 quand j'aurai cet honneur de Vous faire

2174 1812 2214 219 approuver mon procedé. il faudrait Escrire

2180 1905 2158 252 non pas une lettre mais Un livre pour Vous

2191 2031 2005 241 en deduire totes les raizons & je le ferois

2202 2107 2147 236 pourtant, si je n'Esperois que Dieu me fera

2185 2211 2181 225 la grace de Vous voir a la fin de cet Année

2196 2321 2153 246 ou pour le plus tard au commencement de la

2213 2430 2197 236 prochaine. Si mes inconstances Vous ennuyent

2174 2513 2208 257 & Vous déplaisent, je ne m'En Estonne pas : Mais

2158 2638 2191 230 je Vous prie de ne Vous En prendre, qu'aux

2218 2710 2142 268 mines que le Poitevin & l'Allemand font

2229 2825 2112 274 jouir ici contre moi, que j'ai Esté obligé a

3944 2967 186 144 de

3999 246 241 285 476

4152 3052 192 175 265
