4955 6572
2636 2782 1655 230 De Geneve laderniere fois ce XX juin

3999 2928 346 111 MDCXLIX

1934 2897 828 208 Monsieur

1858 3915 2389 203 Je Viens de recevoir deux des Vostre, l'Une du

1956 4025 2368 153 6, L'autre du 13 Juin, La premiere avec la Coppie

1956 4118 2385 159 de la lettre d'Harlem, La seconde avec celle que Vous

1962 4206 2313 180 avés pris la peine d'Escrire Encore à Messieurs de

1973 4321 2362 137 Geneve Je ne scai pour laquelle des deux Je vous

1951 4414 2406 164 suis plus redevable La premiere m'a donné plus de

1962 4490 2368 192 joye que je n'En avois ressenti depuis longtemps

1929 4578 2395 197 Vous me faites l'honneur de recognoistre que J'ai lu

1956 4671 2335 181 quelque raison de differer mon depart d'ici pour y

1923 4770 2390 175 diviser les Efforts de la Calomnie par ma presence

1956 4868 2352 197 je l'avois tousjours bien creu qu'En fin un Esprit

1945 4945 2357 203 si grand & si penetrant que le Vostre découvriroit

1945 5044 2379 169 cette Verité. Mais cependant je languissois Voyant le

1962 5142 2395 175 déplaisir que Vous me faisiés paroistre de ma prose

1962 5213 2269 197 dure comme si Elle Eust Esté affectée. je Vous

1962 5312 2379 192 jure, Monsieur, que les reproches que Vos lettres m'en

1929 5405 2412 175 faizoient coup sur coup, m'ont mis quelque fois à non

1962 5498 2395 170 plus, & que mon Esprit En à Esté mille fois plus tra

1967 5575 2319 191 versé que de toutes mes autres disgraces. Et je ne

1951 5684 2324 154 Vous le dis, que pour Vous faire concevoir la sa

1995 5750 2318 181 tisfaction que j'ai, de me Voir absous, dans le Votre

2022 5854 2313 153 je suis incapable de déguiser mes sentimens & de faire

1934 5936 2412 148 supercherie à qui que ce soit, & beaucoup moins à mes

1973 6013 2384 147 Amis, & a Vous, Monsieur moins qu'a personne du monde

4116 6090 307 191 La

4039 3028 214 230 487

3792 6073 159 274 270
