8748 6668
4790 1672 2824 356 Monsieur Par ce que vous verrez les lettres

4940 1844 2757 350 que j escriptz a la Royne & a Monsieur de

4846 1994 3018 373 Villeroy Je ne vous contray poinct ce que jay

4918 2189 2874 344 faict par deca suivant les Commendemens que

4729 2356 3229 366 Javays euz & la bonne chere que J'ay receue

4968 2500 2768 400 du Roy de la Royne & de toute la

4796 2706 3068 361 Court car jamais Il ny est veue personne

4818 2889 2840 367 mieux receu que j'y ay esté je reserve

4963 3045 2790 327 a nostre premiere veue a vous conter toutes mes

4907 3178 3057 433 particularitez [?] [?] moy de vos bonnes

4913 3472 1167 451 graces & pr ̃

4824 4161 567 373 Monsieur

5819 5028 2095 411 Vre ̃. plus aff.^né pour

5796 5339 1890 289 vous faire service

4429 5439 1223 395 A Londres ce VII feb̃. 1611

6447 5501 1183 494 Lavardyn

7597 1528 228 155 125.
