8772 6680
4812 862 529 312 Madame

5179 1124 2891 223 Ayan pleu a vrẽ. Maj.^te m'honore de la charge d'Ambassadeur ord.^re vers le Roy de

5190 1285 2774 218 la grande Bretagne pour le service du Roy et le vrẽ. Je me suis acheminé en ce

5190 1430 2885 206 pays suivant vrẽ. commandem̃. et arrivé a douvres le XIII.^e du pñt. mois. Ayant

5201 1558 2824 240 eu le passage de la mer assez heureux, et apres avoir este visité de la part du Roy

5201 1720 2802 233 dang.^re par le Maire du lieu, avec offres de toucte assistañ. Il depescha soudain ung

5201 1887 2830 211 courrier, pour donner advis de mon arrivee. Et par le chemin je rencontré monsieur

5196 2020 2785 234 le Mareschal de Laverdin avec lequel je conferé de ce qui pouvoit concerner les

5213 2171 2651 217 affes̃ et service de voz Maj.^tez et le mesme soir estant arrivé en la ville de

5213 2315 2851 240 Gravezinde. j'y trouvé monsieur de la Boderye, lequel estant venu conduire jusques

5218 2466 2841 239 aud lieu led̃ S.^r Mareschal m'attendoit pour nous en venir de compagnie icy. Je

5207 2621 2818 240 trouvé aussy aud lieu de Gravezinde l'un des Maistres des ceremonyes du Roy. qui

5218 2761 2796 233 est comme conducteur des ambassadeurs en france. Lequel de la part du Roy son

5224 2911 2757 234 Maistre me vint asseurer que jestois le bien venu en son Royaume, et avoit faict

5224 3050 2823 256 venir quatre barges du Roy pour nous conduire a Londres par la Tamise, Lesquelles

5229 3211 2880 240 j'accepté apres avoir faict les remercyemens et complimens deubs / Et le lendemain

5229 3351 2785 239 jeudy XVII.^e jour dud. mois, j'arrivé aud. Londres et trouvé a la descente desd

5257 3507 2724 233 barges, quatre carosses dud. Roy et celuy de lambassadeur de [?], et dautant

5296 3662 2646 234 que led S.^r de la Boderye par lequel je devois estre pñte. pressoit son partement

5229 3796 2779 223 j'envoyé vers le grand Chambellan pour le prier de demander mon audiance au Roy

5213 3957 2918 229 Laquelle me fut promise des lheure mesure pour le dimanche ensuivant apres disner

5240 4080 2819 273 a laquelle heure le S.^r Millord de houallen filz aisne du S.^r conte de Suffock grand

5235 4241 2924 268 Chambellan me vint trouver de la part du Roy accompagné de quelques gentilhommes

5246 4397 2757 240 avec six carosses pour m'acompagner au Chasteau, ou estant arrivé apres

5257 4542 2735 250 avoir demeuré peu de temps en la chambre du conseil avec quelques Seigneurs

5246 4692 2885 262 Je fus conduit en la chambre de pñce. dud. Roy. Auquel la Royne pñte. et messieurs

5257 4837 2668 250 les prince de Galles ⁊ duc dyorck et madame accompagnez. dun coste des

5246 4976 2774 239 principaux officiers de sa courone et de quelques evesques et daũe. coste des

5252 5115 2840 279 dames les plus qualiffiees de lad. Cour. Je fis entendre la creance quil avoit pleu

5263 5266 2706 345 a vrẽ. maj.^te me donner. Laquelle en effect n'estoit que pour asseurer sa Maj.^te

7619 712 222 173 134
