8772 6680
1604 1124 2768 217 de la continuãon. de la bonne affection et amitié fraternelle du Roy mon maistre

1620 1246 2735 268 en son endroit. Luy repñter l'utilité qui pouvoit reussir de la bonne inteligence

1615 1430 2745 217 qui dure heureusement entre ces deux couronnes, estant le vray et plus solide

1626 1564 2701 256 moyen pour dissiper voire ruyner les mauvais desseings de leurs ennemiz

1620 1725 2735 228 communs dont l'on avoit ja veu reussir des effortz en plusieurs bonnes occãon

1609 1864 2751 245 Que voz maj.^tez m'avoient commandé expressem̃. d'asseurer la sienne, quelles

1626 2031 2751 229 apporteroient tout le soing qu'elles pourroient pour conserver et entretenir ceste

1631 2193 2746 234 bonne amityé et corespondãn. entre elles ⁊ leurs subjectz. Luy representant mesme

1620 2343 2757 245 quelque chose sur la necessité du commerce entre les subjectz des deux couronnes

1626 2482 2734 245 et la justice quil estoit besoing leur faire rendre pour nourrir lamitié qui doibt

1620 2633 2707 250 estre entre eux, et que voz maj.^tez prie ceste creance que de sa part comme

1620 2788 2752 256 bon Prince, les paroles duquel sont tenues pour loix inviolables. Il contriburoit

1604 2939 2768 261 pour la conservaõn et entretenement de lad fraternelle amityé et bonne intelligence

1609 3089 2763 262 je luy dit aussy que j'avoit commandem̃. expres de voz maj.^tez de le remercyer des

1626 3278 2746 206 offres dassistance et des bons et utilles conseilz que sad. maj.^te vous avoit faict

1620 3412 2757 256 de partir apres le deceds du deffunct Roy. et que encores que vosd. maj.^tez len eussent

1631 3573 2746 256 ja remercyé par le S.^r millord Wotton lors de son retour en ang.^re et depuis par led.

1615 3757 2762 223 S.^r mareschal de Laverdin. Neantmoins que javois encores eu commandement

1626 3907 2740 234 expres de l'en remercyer pour luy tesmoigner davantage de ressentiment que vosd

1620 4063 2729 223 Maj.^tez avoient de lad. obligaoñ. Et particulierement je luy dis Madame. que

1615 4219 2757 217 vrẽ. maj.^te m'avoit commandé de l'asseurer qu'elle auroit soing d elever le bas

1626 4380 2740 218 aage du Roy en la recongnoissãn. des courtoysies et bons offices quil avoit rece[?]

1620 4520 2746 239 de sad. Maj.^te en ung temps ou les vrayes amitiez s'exprement. affin qu'un jour

1615 4664 2751 251 il sen peust revancher aux occaoñs. qui s'en pñteront./ Apres ce discours d'ung

1609 4837 2740 245 quart dheure avec benigne audiance. led Roy me dit quil avoit beaucoup de

1620 4998 2746 223 contentement de recevoir des nouvelles de voz maj.^tez comme du tesmoignage que

1615 5132 2768 239 je luy rendoit de leur affection et bonne amityé Laquelle il tiendroit tousjours

1615 5293 2729 329 bien chere quil y contriburoit de son coste ce quil pourroit pour lentretenir et
