8656 6668
4820 2011 2423 295 Monsieur. Je meurs de honte qu'il faisse que je vous die que

4881 2244 2390 245 je suis encor icy, aussi peu resolu du jour que i'en pourray partir, comme le

4881 2422 2362 195 premier que i'y arrivay, Le vent est non seullement du tout cõtraire, et la

4864 2572 2379 200 cõtinuellement esté depuis un mois, mais si violent et si rude que l'on ne

4858 2744 2341 223 veoit en la mer aucune voille, et depuis que je suis icy, n'estoit arrivé

4864 2928 2363 161 un seul vaisseau d'Ang.^re iusqu'a ce matin, J'estimois sur le bruit

4864 3078 2302 211 qui estoit venu de ceste brouillerie de Madame Arbelle, que l'on

4814 3250 2346 228 eust fermé les [?] en Ang.^re a l'occaõn de cela, mais a ce qu'escrit

4836 3445 2413 211 Vertau, ce n'a esté qu'une fausse allarme, de sorte que le seul vent a

4864 3639 2307 217 esté cause de ces retardements, Je võ suplie tres humblement

4920 3839 2284 239 de croire que je ne perday une seulle heure icy depuis que le temps

4858 4034 2313 244 me le permettra, et que ce n'est sans beaucoup m'ennuyer que

4842 4245 2346 244 i'y demeure, Le Roy d'Ang.^re a ce que i'apprens ne sera point

4836 4439 2324 211 a Londres quand i'y arriveray, [?] a plus de soixante mille de là

4842 4623 2368 233 dont Je suis tres [?], non tant po ̃ la peine qu'il faudra avoir a

4825 4834 2396 200 l'aller trouver (si encore il le veut permettre) comme parce que

4836 5012 2380 261 je luy donneray trop de loisir et trop de [?] pour

4808 5239 2424 178 me respondre, si n'y a t il mil remede, car on ne scauroit forcer

4831 5378 2340 234 le Ciel, mais [?] Neanmoins que ce qui ne pourra estre que

4831 5534 2396 256 tard, ne soit sinon bien. je l'en suplie cõtinuellem̃t et apres vo ̃

4836 5717 1718 217 avoir baisé les mains tres humblement & [?].

4753 5934 567 195 Monsieur

5742 5901 1468 311 Vr̃e tres humble et tres affe.^né serviteur

4258 6090 1318 272 A Callais ce 20^e Janvier 1620

6949 1722 94 128 11
