8748 6680
7500 835 217 172 158

5117 1380 668 167 Monseigneur

5067 1491 2957 268 Vous verrez par la lrẽ. que monsieur de buysseaux escript a la Royne assez

5150 1642 2840 267 ample et par la vrẽ. par.^ere ce qui sest passé par deça depuis ses dernieres

5150 1786 2818 295 et principalem̃. depuis le retour des champs en ceste ville du Roy de la

5156 1953 2840 307 Grande bretagne qui fut samedy der̃n. ou il trouva cet ambassadẽ extraord.^re

5167 2132 2851 272 du du de sanoye qui a passé par la france. Et luy donna audiañ. le dimanche

5178 2282 2812 312 led. ambassadẽ. exposa sa legaõn. telle que led S.^r de buysseaux la faict

5178 2471 2857 267 scavoir a la Royne. Il n'y oublye aucune circonstañ. de celles quil a creu

5178 2610 2851 284 devoir estre sceues. la Royne de la grande bretagne sachant le subiect de

5184 2761 2851 311 sa venue a etrivé pour luy bailler audiañ. En fin elle la luy donna hier

5195 2961 2856 301 plus de la volonté du Roy que de la sienne propre. On ne tient pas que

5189 3128 2751 289 led ambassadeur remporte grand fruict de son voyage. l'Esprit de son

5189 3289 2851 295 Maistre assez congneu icy, faict quon interprette ceste ambassade extraord^re

5217 3484 2667 256 a aũe. intenõn. quil ne la exposee, comme les propos quil a tenuz

5262 3623 2789 256 contrẽs aux actions de sond. maistre le tesmoignent et faict croire qu'elle

5189 3785 2929 323 est remplye dartifice plus que de desir, et liberté quil vueille prendre de

5195 3952 2929 256 traiter mainten. dalliañ. sans la volonté d'Espagne dont il fez semblant

5212 4119 2923 284 de se douloir, bien que le contraire soit aysé a remarquer par sa procedure

5200 4286 2902 317 ayant pensé loger chez lamb̃. despagne avec lequel il envoya cõmuniquer

5239 4447 2835 279 le lendemain matin de son arrivee. Et lapres dinee led. amb̃. despagne le

5212 4620 2678 289 fut veoir, ce qu'a aussy faict mond. S.^r de buysseaux, (apres son audiance

5217 4770 2907 251 touctefois), et selon la coustume, de fẽ. cet honneur aux derñ. venuz. mais ayant

5212 4915 2834 289 led. amb̃. commencé a rendre ses visites par celuy d'espagne au prejudice de la

5200 5054 2829 306 dignité du Roy. led. S.^r de buysseaux luy fit dire hier matin quil vint pour le

5195 5210 2879 273 veoir. quil ne le pouvoit recevoir. Et luy fit fermer la porte comme verrez par

5206 5344 2818 306 la lrẽ escripte a la Royne plus au long. Je vous remercye tres humblem̃. de la

5200 5511 2835 300 souvenãn. qu'avez de moy par celle quil vous a pleu mescripre du XIII.^e febvrier

5206 5750 295 189 et suis.

6631 5683 1393 323 Vrẽ. tres humble et obeyssant

6943 5878 819 323 serviteur. de seve

4454 5845 1197 250 Londres ce I^er avril 1611 Monseigneur
