8748 6668
5263 1394 628 245 Monseigneur

5418 1555 2468 228 Ayant sceu de mons.^r de vertau, et auẽs. que tandis qu'il a

5435 1733 2434 228 esté par deça aupres de monsieur de la Boderye, Monseigneur

5429 1894 2429 261 de Villeroy et vous, laviez voullu obliger, de lemployer, comme

5463 2072 2495 239 commissaire de la compagnie de Gendarmes escossois qu'entretient

5452 2239 2545 267 le Roy, aux monstres qu'on a faict faire en Escosse a lad. compagnie

5446 2406 2568 277 Ausquelles il a assisté plusieurs fois avec mess.^rs du Quier et de

5452 2583 2512 284 la fontaine. lun mareschal des logis dicelle et lauẽ. payeur, jay

5452 2761 2456 267 creu, recevoir de vous ceste >< mesme faveur, apres tant d'aues̃

5457 2950 2451 289 que de succeder aud. S.^r de Vertau en ce employ, si je vous en

5552 3139 2406 239 supliois tres humblem̃. comme je faitz, en ceste croyance, que ou

5557 3289 2418 278 il y a lieu de gratiffier les vrẽs. vous y avez autant de plaisir

5480 3467 2523 294 qu'eux de proffit et dobligaõn. de s'en revencher par tres humble

5474 3645 2529 328 service ainsy que je feray tousjours avec prieres a dieu de vous

5496 3895 311 183 donner

5285 4889 622 212 Monseigneur

5435 4978 2651 289 En tres bonne santé longue et heureuse vye de Londres ce IIII^e

5496 5212 506 283 Avril 1611

6652 5523 1423 300 Vrẽ. tres humble ⁊ obeyssant

6897 5712 911 283 serviteur de seve

7580 744 217 133 160
