8668 6656
4705 1808 2620 277 Tres haulte tres excellente et tres puissante

4733 2013 2525 177 Princesse nrẽ. tres chere et tres amée bonne soeur ⁊ cousine, Le

4744 2135 2569 194 Sieur Marquis de Laverdin Mareschal de France s'estant acquité

4716 2240 2642 206 de la charge pour laquelle il a esté envoyé par deçà, et ayant à s'en

4722 2373 2619 178 retourner põ en rendre compte, Nous l'avons voulu accompagner de

4705 2490 2692 166 la presente, laquelle tesmoignera combien sa venüe nous a esté agreable,

4722 2623 2630 144 tant au regard de l'affaire qu'il est venu accomplir, com̃e aussy de

4722 2728 2653 128 sa personne mesmes, estans tres aises qu'un ministre de si grand merite

4722 2828 2680 161 a assisté coẽ. tesmoing oculaire de nrẽ. promptitude de donner asseurance

4711 2950 2691 161 par le serment qu'avons presté en sa presence de nrẽ. sincere et constante

4716 3050 2609 139 affection à l'observaoñ. de la ligue entiere et inviolée. Que si

4705 3150 2664 194 d'aventure nous l'avons retardé plus long temps par deçà q̃ ny vrẽ.

4705 3278 2542 155 com̃mandement ne permettoit, ny sa propre volonté ne conseilloit,

4716 3361 2642 199 C'a esté en partie du desir qu'avions de le rendre plus asseuré par

4705 3499 2675 139 sa plus longue demeure aupres de nous de nrẽ affection à l'endroict

4689 3605 2663 183 de nrẽ. bon frere le Roy son maistre ; et en partie aussy qu'apres son

4700 3710 2663 205 si dangereux passage de mer et fascheux voyage par terre ayant esté

4700 3843 2641 167 iecté sur une coste, où il y a bien du mauvais chemin et peu de moyen

4689 3954 2652 172 d'accom̃oder si soudain une si grande troupe, il attendist quelque peu de

4666 4054 2720 178 jours plus beau temps tant par mer q̃ par terre, de peur qu'a son

4655 4160 2736 177 retour, encore qu'il ait entrepris le voyage põ accomplir si bonn'oeuvre

4711 4304 2658 122 il n'eust trop d'occasion de se plaindre des inconvenients et fascheries

4705 4392 2647 161 qu'il y auroit encourües, qui de vray eussent esté tres grandes selon q̃

4694 4498 2619 155 le temps ‸disposé du depuis. Ns̃ avons esté plus facilem̃. induictz

5035 4542 113 0 s'est

4683 4603 2686 156 à le fẽ. ainsy arrester par nrẽ. com̃andem̃. sur la confiance qu'avons

4683 4714 2697 167 q̃ vrẽ. affection envers nous ne vous feroit trouver desagreable ce que

4689 4825 2403 167 aurions faict en c'est endroict. Au reste nous prions dieu

4655 4947 2647 216 Tres haulte tres excellente et tres puissante Princesse nrẽ tres chere et

4683 5130 2586 133 tres amée bonne soeur et cousine, de vous avoir en sa tres digne garde.

4666 5186 2592 238 De nrẽ Palais de Westmistre Le cinquiésme Jour de febvrier 1610.

6437 5524 921 266 Votre tres affectionné

6365 5685 754 288 frere ⁊ cousin.

6620 6034 444 267 Jaques R̃.

6975 1519 172 167 16
