8680 6644
4448 1373 648 304 10. febrie. 1610

5373 1389 2016 266 Reponse aux plaintes faites par

5345 1528 1961 238 L'ambassadeur de France concernant 20.

5417 1644 1972 260 des Brigandages exercés par des Pirates

5201 1876 2398 183 Com̃e ainsy soit q̃ plusieurs plaintes aient esté par cy devant

5445 1821 792 161 Sur des francois

5085 2009 2525 177 faictes à sa Ma^té par L'Ambassadeur de France, q̃ plusieurs

5118 2120 2476 194 françois estans venus en ce Roy.^me  pour demander restitution ou

5040 2220 2509 210 satisfaction des biens qui le ̃ auroient esté prins par des

5134 2347 2343 205 Pirates Angloys, ou bien poursuivans icy payement de

5118 2469 2359 166 leurs debtes, auroient esté sur des actions iniustes et

5112 2580 2349 182 faussem ̃. pretendües saisir au corps pour grosses som̃es

5112 2690 2449 194 d'argent là ou rien n'auroit esté deu ; au moyen de quey vu à

5112 2812 2388 177 faute de caution ilz auroient esté tenus en prison à leur

5129 2923 2415 188 tres grand dom̃age, et perte de le ̃. causes qu'ilz ne pouvoyent

5118 3045 2404 188 poursuivre, ou bien auroient esté mis en frais et despences

5145 3178 1269 166 excessives à le ̃. totale ruine.

5073 3310 2515 194 Et com̃e led̃^t Sieur Ambassadeur requiert d'avantage qu'és

5129 3449 2470 166 car de telles prinses de corps le complaignant baille bonne

5129 3543 2476 188 et valable caution de payer les dom̃ages et Interestz de la

5123 3659 1850 177 partie, en car q̃ l'action se trouve iniuste.

5096 3864 2404 210 Mess.^rs Les Com̃issaires bien qu'ilz n'ayent point ouï dire

5068 4014 2470 171 q̃ les subiectz de France ayent esté ainsy traictes, toutesfois

5101 4124 2376 177 à l'instance dud̃^t S.^r Ambassadeur ilz en ont faict le

5096 4241 2420 182 rapport à sa Ma.^té laquelle veult qu'en cas de l abus

5073 4368 2521 188 les juges de son Roy.^me s'advisent de quelqu'expedient, à ce

5073 4484 2449 194 q̃ d'oresenavant on n'aye point occaon ̃. de s'en iustement

5085 4606 393 155 plaindre.

5040 4805 2521 200 Quant à ce qu'au poinct des depredaon ̃. led̃^t Sieur

5062 4960 2521 161 Ambassadeur remonstre qu'un françois estant volé sur mer

5068 5066 2493 193 par quelque Pirate Anglois, et venant en Angleterre à

5068 5193 2432 166 poursuivre restitution ou satisfaction de ses biens, il n'a

5057 5293 2448 193 q̃ bien peu d'esperance ou de l'une ou l'autre, d'autant q̃

5051 5420 2399 177 les terres du Pirate eschéent au Roy, et ses meubles à

5057 5531 2542 182 l'Amiral : Sa Ma^té promect de ne point toucher d'oresenavant

5085 5652 2442 189 aux terres du Pirate iusqu'à tant q̃ la partie volée, apres

5085 5774 2426 155 avoir plaidé, et obtenu arrest de la Cour, ait esté satisfaicte

5073 5907 2499 194 de ses pertes, et alors sa Ma^té se contentera de ce qui demeurera.

7239 6145 211 188 quant
