8528 6668
4692 1378 606 311 Monseigneur,

4825 1533 2674 350 il i a quelques Jours que je receus celle qu'il vous a pleu

4814 1644 2591 484 m'escrire : a laquelle j'eusse plus tost fait response, n'eust

4825 1817 2724 472 esté, qu'en mesme tems le Roi me com̃anda de l'al-

4831 2005 2729 528 ler trouver a Roiston auquel aiant com̃uniq ̃ le prudent

4847 2244 2591 528 conseil que me dõniez de laisser estoufer sans responce

4864 2433 2557 523 les detestables livres qui s'escrivent tous les Jours par

4858 2583 2680 617 ceux ausquels c'est œuvre meritoire de tuer un Roi

4886 2772 2663 628 qui sera en mauvais mesnage avec le Pape : veu que

4936 3006 2608 594 comme dites fort bien, plus de matiere sera remuée

4947 3133 2508 706 par escrits plus de mal il en adviendra. le Roi

4947 3372 2535 645 me dit que si les Magistrats faisoient quelꝗ debvoir a

4970 3589 2635 661 chastier les auteurs de ces livres infernaux il scoit

4997 3789 2474 622 entierement de vr̃e advis, et empescheroit de son

6031 4356 284 167 de luy

5008 4011 2452 639 coste que telle quecstion ne feut plus agitée par

5025 4223 2607 594 ceux qui dependent me com̃anda aussi de vous escrire,

5036 4417 2613 628 qu'il souhaiteroit que les gens de bien qui ont la puissance

5058 4595 2580 661 s'empbiassent a faire cesser tels malheureux escris afin

5058 4784 2569 661 q̃ les doctes eussent occasion de se repuser. Car tãdis

5064 4950 2580 645 que les meschans pourront semer leur poison aiat

5047 5156 2585 611 liberte de escrire des livres a ceste fin il est im-

7132 1300 217 133 311
