8552 6668
1455 1255 2784 295 possible que les doctes bien sentans ne s'opposent a ce

1450 1444 2739 328 venin. Et quãd ils ne le fairoit les Rois et Prices

1444 1633 2812 417 leur cõmanderont de s'emploier a cela. Et c'est ainsi

1450 1805 2795 467 que par l'expres cõmandement du Roi j'ai fait ce

1472 1989 2784 505 petit livre. Car l'auteur qui avoit refuté l'Anticoton

1455 2194 2757 506 avoit ouvertement enseigné ceste detestable doctrine

1467 2378 2767 517 en defendant tous ceux qui en avoit escrit. Je ne

1467 2600 2767 500 scai qui est aucteur de ce livre : mais quiconꝗ il

1483 2778 2773 578 soit il a tesmoigné tres clairement q̃ les parricides lui

1483 3017 2751 489 plaisoit, veu qu'il defend si asprement les auteurs

1455 3195 2801 477 de la doctrine. je scai Monseigneur que ce que vous dites

1522 3384 2695 483 est mesurai et que la difference en la creãce dõ

1478 3528 2784 495 ne occasion à ces malheurs. Mais il semble que ce seroit

1478 3717 2761 483 apporter quelꝗ remede au mal si de costé et d'autre

1467 3900 2783 456 les seditieux estoit remarqués et chasties : les gens

1467 4034 2772 550 de paix recogneus et prisés. C'est le souhait du Roi de

1461 4278 2806 484 la grãde Bretaigne, qui a esté bien aise d'entendre que

1472 4478 2756 439 ingies mieux de son integrité que ne font ceux qui

1567 4656 2695 433 le font protecteur des esprits remuans qui soubs cou-

1422 4773 2856 494 leur de religion voudroit troubler le repos de la frã-

1467 4923 2795 505 ce. Sa Maieste ne favorise ni favorisera jamais a telles

1472 5106 2790 422 gens, non plus que les Maiestes de nostre Roi et de

1378 5273 2911 450 la Reine regente. Je suis tres aise q̃ cependant q̃ se-

1478 5473 2789 411 rai ici, le Roi et la Reine ne m'estimeront esloigné des
