8668 6656
4927 1930 2681 366 Tres hault tres excellent et tres

5116 2174 2647 288 puissant prince mon tres cher et tres ame bon frere

5094 2357 2580 266 et Cousin. Lassurance que vous m'aves donnè

5094 2529 2597 299 par le Sieur de Buisseaux de la continuation

5094 2723 2536 272 de nostre amitiè, m'a conviee a vous asseurer

5088 2934 2575 277 tant par cellecy, comme par le veritable rapport

5083 3111 2597 300 que le S^r de la Boderie vous en pourra faire,

5099 3289 2675 338 de laffection mutuelle que ie vous porte, les effects

5055 3522 2558 260 de laquelle vous sentires a toutes occasions et

5110 3716 2631 272 occurences, priant dieu tres hault tres excellent

5072 3899 2602 294 et tres puissant prince mon tres cher et tres ame

5049 4098 2658 267 bon frere et Cousin quil vous ait tousiours en

5038 4276 2681 316 sa tres sainte et digne garde. Escript a Lon

5055 4465 1809 316 dres le 17 de febvrier 1610

6093 5036 1243 244 Vostre bonne seur et

6109 5241 1354 255 Cousine tres affectionnèe

6542 5424 971 327 Anna. R̃

7375 1381 144 166 28
