8548 6668
4751 1022 3085 256 Monsieur, Jay Receu la vr̃e du VIIe de ce mois le XIIe

4902 1222 2984 222 et le jour auparavant je vous avois escrit comme javois faict

4918 1405 3024 239 entendre aux Archiducz la Resoluõn de la Royne sur les mariages

4924 1594 3001 256 du Roy et de Madame, Ensemble faict, comme de moy mesme

4918 1772 2935 261 les offices de condoleances sur la mort de l'Empereur, quilz

4935 1961 3007 267 attendent encores de leurs Ma.^tez sinon par un seigneur expres

4935 2161 2940 283 atout le moins par lrẽs, ayant faict cognoistre a Pecues

4946 2361 2912 317 qui m'en a demandé quelque chose, quilz ne debvoient pas

4946 2561 2996 300 esperer le premier, ne nous en ayans pas montré lexemple

4924 2750 3007 295 lors de la mort de Monseigneur d'Orleans et de Madame la

4946 2950 2996 317 duchesse de Mantoue, sestans contentez de faire fẽ cest office

4946 3156 2946 250 de condoleances envers leurs Ma.^tez par le conte de Gamalier

4957 3345 2968 305 passant vers Espagne, Je vous suplieray, soit que leurs Ma

4963 3556 2945 283 escrivent ou a l'un ou a laũe des Archiducz, d'y faire mettre

4946 3745 2973 300 la feuille de papier entiere, estant une des plus grandes plaint

4974 3956 2951 339 apres nr̃e forme descrire, quilz me fassent de deca, prenans

4968 4223 884 233 cela a mespris.

4879 4373 3018 277 Le Roy Mathias est a Pragues avec sa femme qui attend

4974 4567 2901 278 Maximilian son frere pour assister a l'inventaire des

4985 4762 2918 250 meubles et argent de L'empereur nayant voulu jusques icy

4990 4973 2968 205 entrer dedans le tresor, mesme faict arrester comme prisonnier

4996 5134 2957 317 ceulx qui en avoient la garde, neantmoins Il offre a ses deu

7503 711 239 122 341
