8552 6668
1372 1044 2867 206 freres chũn deux millions de livres vaillant pour leur part

1372 1216 2862 223 et se charge seul des debtes de l'empereur que lon dict monter

1366 1411 2851 233 bien haut, Il est vray quil ne les payera qu'autant quil

1350 1594 2884 234 luy plaira ; Nr̃e Archiduc dicy sera tanté daccepter ce party

1355 1778 2879 211 le conte de Sorre estant deceddé a Pragues ou Il s'estoit

1366 1972 2862 228 arresté pour ce partage, tellement quil se trouve en peine de

1372 2155 2851 217 envoier quelqu'un en sa place, se trouvant de deca peu de

1328 2333 2900 245 seigneurs capables de ce voyage, led tresor estant partagé

1350 2533 2900 200 Mathias continue son voyage en Passovie ou se faict la diette

1361 2722 2884 217 hongroise, et de la faict estat de se rendre le XXe de May a

1322 2911 2923 245 francfort a lassemblee Electorale, ou je ne voy pas quil

1322 3133 2901 217 puisse trouver aucun obstacle pour ce qui est de son Election

1350 3328 2906 206 les protestans luy estans tousjours favorables avec les appuis

1322 3511 2912 234 de dehors quil a, ainsi que jugez tres bien par la vr̃e, mais

1355 3695 2895 233 bien pour ce qui sera de se substituer Albert Roy des Romain

1355 3861 2873 267 a quoy visent et tandent les Espagnolz, principalement si-

1333 4061 2906 239 lelecteur de Coulogne decede entre sy et la, com̃e il y a fort

1350 4273 2878 239 peu desperance quil recouvre sa santé si parfaicte quil se

1355 4450 2840 234 puisse transporter a lad diette, neantmoins dou Balthasart

1355 4634 2834 244 pretent par ses Intelligences et argent surmonter toutes disficultez.

1311 4889 2901 200 Quant aux affẽs dAix jay estimé devoir differer den parler

1355 5084 2884 305 aux Archiducz ainsi que leurs Ma.^tez me le commandent par la
