8572 6692
1271 1109 2917 262 je ne me souviens pas [?] si je võ ay

1260 1343 2967 201 envoyé ung memoire du fait mais j'ay regardé

1271 1494 2660 257 feuilleté mon registre qui en faict foy ./.

1171 1717 3078 279 Leurs Ma.^tez depeschent M.^r Ancel qui a reside

1187 1935 3051 295 longuem̃ du temps de noz deux derniers Royz a pra

1165 2130 3079 295 pres le feu Empereur, En Allemagne vers les

1165 2331 2856 312 primes de l'union põ leur raffrescher les

1199 2503 3061 357 declarations de la bienveillance certaine d'ice

1221 2754 3034 285 envers leurs personnes et la cause commune et

1199 2933 3067 346 esperons que [?] office proffitera sur l'occasion

1132 3161 1751 290 de noz alliances nouvelles./.

1176 3329 3107 407 L'on nõ dit que l'assemblée de [?] est se par

1143 3569 3129 362 nõ avons a plaisir d'estre informez de ce qui sera

1098 3764 3207 401 passe en icelle de quoy il sera aussy a propos qu

1093 3953 3140 435 M.^r de bouillon ayt cognoissance, car il vont

1143 4165 3156 419 monstrer a son instruction qui contient plusieurs

1160 4411 2163 357 articles et matieres differentes./.

1210 4606 3101 452 Le Roy se porte tres bien de la petite verole et

1199 4812 3106 430 en a esté bientost heureusem̃ deslivre ./. Je suis

1226 5532 692 278 [?]

1048 5827 1205 318 de Paris ce XXVI

1176 6056 876 279 Avril 1613

2944 5732 1261 268 Vostre bien humble et

2983 5916 1093 246 atten.^ne serviteur

3268 6100 719 262 Puysieux
