8572 6668
5153 488 2012 251 Du s.^r de Villeroy au s.^r de Busseaux

4563 711 284 94 11.^e may

4602 766 195 173 1612

4575 855 339 145 Paris.

4819 944 2802 317 Monsieur Nous avons receu le VII^e de ce mois voz lres̃ du dernier du

4903 1083 2740 350 passé Mais non encores celles dont vous avez chargé le s.^r de Champagne

4919 1250 2613 333 pour n'estre arrivé J'avois bien preveu que vous auriez à soustenir un

4925 1450 2701 317 rude assault du Roy de la grande bretagne, a la premiere audience qu'il vous

4930 1600 2708 355 donneroit a pres avoir ouy Icy le S^r Edmont ainsi que je vous ay escrit

4964 1794 2640 328 par ma derniere Mais en verité je ne croiris pas qu'elle d'eust passer

4958 1972 2685 334 si avant qu'elle a faict Quoy il semble que ce Prince nous tienne pour

4958 2133 2685 317 ses Justiciables et que nous debvions non seulement luy rendre compte

4997 2294 2646 323 de toutes noz actions Mais encores les reigler au compas de ses Volontez

5003 2511 2629 322 ⁊ opinions Si encores il vouloit nous faire ceste faveur ⁊ grace que

5008 2678 2646 300 de nous ouir devant que de nous comdamner ce nous seroit quelque

5030 2833 2541 312 consolation ⁊ tesmoignage de bienveillance Mais quoy il nous fiactte

7198 2972 128 139 luy

5036 3028 2707 322 a la fourche, en Esclaves, et en personnes qu'il croit comme il semble, qui

5053 3172 2635 350 n'ont ny foy ny loy ; Sur quel fondement tout cela, Mons^r de Rohan

5064 3356 2612 350 a l'honneur d'estre son parent, il l'est bien aussi du Roy et pour tel

5075 3567 2446 305 recogneu et Traitté, s'ensuit il pour cela qu'il ne puisse faillir,

5058 3700 2485 350 et quand il se mesprendra qu'il ne doibve estre redressé ⁊ chastié,

5080 3889 2674 328 Plus sa qualité merite consideration, plus est on obligé de reprimer

5092 4073 2685 316 ses fautes et ne les mettre en non chaloir, Qu'elle à esté la conduicte

5103 4223 2718 327 dud̃ duc de Rohan depuis la mort du feu Roy, et mesmes en l'assemblee

5114 4384 2701 344 de Saumur en laquelle il s'est rendu chef du parti de ceux de sa religion,

5114 4567 2724 356 qui ont voulu en icelle tirer des avantages de la minorité du Roy Au

5136 4767 2657 317 prejudice de noz Édictz Traiz ⁊ unicques fondemens du Repos public du

5158 4912 2663 405 Roy^me : Ses deportemens depuis le veriffient assez, Il ne fault que les

7326 689 228 155 378
