8548 6668
1811 1511 6170 311 Tres haulte tres excellente et tres puissante princesse, nr̃e tres chere et tres amèe

1822 1678 6086 311 bonne seur cousine et Ancienne Allièe, Le Duc de Bouillon nous ayant visitèes de vostre part et declarè la charge

1822 1817 6064 300 que vous luy avies donnèe tant pour les affaires particulierement a luy commises comme pour le renouvellement de la

1834 1944 6197 300 profession de vostre amitiè, Nous n'avons pas voulu qu'il sen tournast sans rapporter avec luy ceste assurance expresse par

1795 2050 6174 311 La nostre que nous n'avons aultre intention que de continuer sincerement nostre affection accoustumèe envers vous, et de contri

1856 2183 6219 317 buer tout ce que dependra de nous au commun bien de deux coronnes, Ainsy que vous dira ledict Duc auquel sur ce

1845 2294 6213 334 nous nous rapportons, prians dieu Tres haulte Tres excellente et Tres puissante princesse Ñre Tres chere et Tres amèe bonne

1834 2433 6263 367 Seur Cousine et Ancienne alliee qu'il vous ayt en sa Tres saincte et digne garde Escript a Whithall le XIX de May

1856 2700 228 256 1612

5013 2961 2801 272 Ṽre bonne Seur Cousine et ancienne

5241 3156 372 266 allièe

6430 3156 934 400 Anna. R̃.
