8540 6680
6647 1447 323 167 423.

4626 1631 2566 267 Monsieur. le respec que jay de ne me rendre par trop

4698 1781 2461 295 pressant et de nabuser trop licentieusement du peu de [?] que

4698 1953 2494 240 vous donnent vos serieuses aucupations ma retenu jusques a ce

4709 2081 2572 257 jour de vous escrire atendans journellement ce quil vous plairait

4743 2254 2544 245 mordonner de prescrire pour le temps de mon retour en Hollande

4726 2388 2511 261 mestant reposé sur ce quen prenant Congé de vous pour venir en

4743 2566 2455 228 ce lieu, vous massurates de men donner advis. Mais voians

4743 2722 2505 250 six semaines tantot escoulees sans recevoir vos Commandemens et

4737 2866 2483 251 Craignant que ce temps que jemploie a prendre de [?]

4771 3044 2388 273 [?] ne Cause quelque retardement a mon renvoy aians

4793 3217 2422 228 ainsy esgard que la saison savance en laquelle Comme me

4798 3345 2422 239 mandent mes gens quy sont en mon logis de la Haye lon a

4798 3484 2533 256 de Coustume de faire provision de tourbes, bois, foin, vin, et aultres

4804 3662 2522 256 Choses necessaires quy ne ce recouvrent puis apres que malayse-

4848 3813 2422 284 ment ou du moins ꝙ fort Cherement jay estimé pour toutes

4893 4002 2494 239 Ces raisons vous devoir envoier ce porteur pour sur icelles vous

4843 4175 2422 250 suplier mordonner ce que jay affaire et de prendre de

4860 4336 2449 273 bonne part que je vous represente par Celle cy le desplaisir que

4848 4520 2344 267 jay de me voir sy longuement eslogné du lieu et privé

4860 4698 2382 250 des moiens de pouvoir tesmoigner a la Royne mon

4804 4848 2449 267 Inviolable fidellité en lexercice de la Charge quil luy a

4832 5032 2483 250 pleu me Continuer. et a vous Monsieur que je nay aultre

4826 5165 2533 301 volonte et plus grande ambition que dexecuter punctuellemẽ

4832 5338 2561 273 sans aultre acception ou exception tout ce quy me sera Commande

4854 5527 2338 262 pour le service du Roy de la Royne et le vostre de la

4854 5672 2477 256 beneficence desquels jatens tout le bien et honneur que je doibs

4860 5822 2527 306 esperer sans jeter les yeux ailleurs Comme ont de Coustume
