8540 6680
1820 1664 2444 278 faire les courtisans de ce regne Cest ce quy me faict implorer

1881 1831 2383 250 les [?] de vostre amitié lesquels mavés faict resentir en tant

1887 1992 2377 262 daucasions pour favoriser mon juste desir destre emploie en

1903 2165 2361 250 pour quelque petite espase de temps vers les Estas pour apre

1909 2332 2349 234 avoir accomply ce quy me sera prescript prendre Conge de

1915 2471 2349 245 Ceste Compagnie en la maniere accoustumee et avec autant

1909 2633 2355 244 dhonneur Comme fonde sur ce tesmoignage quen aves [?]

1942 2800 2316 233 a la Royne en ma presence jause dire que je me suis g

1926 2978 2316 217 dignement des Commandemens que jay receus. vous

1909 3156 2349 217 Monsieur de quelle facon je suis venu par de ca [?]

1948 3323 2310 178 sur la Croiance que jay eue de retourner dans deux ou

1948 3484 2310 228 moys au plus tard je suis party sans pourvoir a mes[?]

1954 3674 2316 222 laissans mesmes mes meubles entre les mains de gens

1976 3807 2305 223 quy ce lassent de les garder desesperes par ma longue et

1954 3980 2321 245 Inopinee absence de mon retour ce que je vous suplie ne

1903 4169 2350 200 prendre pour quelque plainte ou mescontentement que je

1954 4319 2321 206 former sur ce traitement que je recois de la Royne durant

1942 4486 2328 178 mon seiour Car jay trop daucasion de men louer mais que

1954 4631 2288 206 mon intention nest que pour vous suplier de mettre en

1942 4798 2328 195 Consideration mes raisons pour les favoriser et y avoir esgard

1948 4943 2327 200 en temps oportun et cependant mestant obliger de me man

1942 5110 2289 195 le temps que la Royne me doibt renvoier pour me rendre

1959 5254 952 201 pres delle et de vous

1837 5728 2433 200 Monsieur que je prie dieu vous Continues ces s^tes benedictions

1976 5872 2299 173 en longue et heureuse vie de vrẽ maison de [?] ce

1959 6017 885 162 XXVIII^me Aoust 1612.

3112 6012 1163 205 Vostre tres humble et tres obeissant

3251 6162 723 161 serviteur Bussy

6797 1580 306 190 424
