8656 6668
5092 1705 2596 345 Monseigneur Je vous baise tres humblem^t. les mains

5253 2005 2391 234 de l'honneur quil vous a pleu me faire d'avoir Intercede pour moy,

5259 2172 2362 239 envers sa Ma.^te pour obtenir le pardon de la faulte que j'ay Commise,

5242 2344 2463 217 Comme aussi de l'asseurance que luy avez donné que je ne retomberay

5142 2506 2574 227 Jamais a de pareilles erreurs. J'espere avec l'ayde de Dieu que vous

5192 2667 2518 239 ne seres point trompé en vr̃e promesse ayant infiniment proffité

5186 2833 2530 245 en ma faulte. Mon seul regret est maintenant, que vous avez

5203 3011 2491 250 semé toutes ces faveurs, et tout plain dautres que j'ay des-ia

5220 3178 2463 228 receu de vous, encore terre Infertille qui ne vous peult jamais

5220 3345 2457 261 rapporter aucun sorte de bien ni de service. Mais je reconnois que

5214 3534 2463 211 cest vr̃e plus grande gloire que de faire du bien, sans autre esperance

5192 3695 2507 250 que de vous acquerir les Coeurs, et les volontez des hommes ; Aussi il

5159 3884 2512 211 fault que je confesse que je vous doibz le mien et tous mes voeux

5198 4056 1795 261 vous estant plus obligé que personne du monde

5125 4261 2597 256 Suivant ce quil vous a pleu me mander par la vr̃e du 21^e du passé

5186 4434 2563 216 que je receu avant hier Comme sa Ma.^te estoit resolue de renvoyer

5175 4589 2541 234 bientost par deca Monsieur de la boderie et le Commandem.^t que

5192 4767 2491 250 mavez fait d'en advertir Monsieur le grand Tresorier, je l'ay

5186 4939 2558 223 esté trouver et luy ay dit comme sa Ma.^té avoit commandé a Monsieur

5164 5106 2569 233 de la boderie de se tenir prest pour partir incontinant appres ces

5159 5267 2507 239 festes de Noel, De quoy il ma tesmoigné estre fort aise, ses affaires

5159 5451 2468 355 d'allemaigne estant aux termes quelles sont a present,

7416 1466 194 156 1.^er
