8680 6668
1850 1867 2617 216 Cecy sera pour Confirmation, du resentiment que j'avois eu

1861 2022 2601 217 Comme je vous disois par mes dernieres quilz desiroient a present

1856 2183 2556 217 sa venue, de sorte que je veux croire, quil vous dira ce quilz ont

1861 2344 2540 217 dans lame, et ce quilz peuvent faire en ces affaires de Cleves

1872 2494 2523 250 et Juilliers. Je ne scay, silz ont des-ia jugé que la plus belle,

1867 2667 2545 244 la plus scure, et la meilleure assistance quilz scauroient donner

1861 2833 2556 250 et que l'on leur peult demander, cest de largent, et que n'en

1894 2978 2512 283 ayant point, Nest Convenient quilz y pourvoient, Mais Ilz

1889 3161 2556 261 ont Convenu leur parlement pour le douziesme de fevrier prochain

1894 3328 2529 261 et la premiere chose qui se doibt traitter et resoudre, ce sera

1889 3489 2473 261 une Imposition sur tout le peuple pour lever une bonne somme

1861 3672 2567 256 de deniers, qui puisse remedier aux necessitez qui sont a present

1872 3856 2545 244 (Lesquelles certes ne sont pas petites) et a celles qui pourroient

1894 4017 2562 261 arriver, Aussi cela les a un peu traversez, depuis un Certain temps

1894 4200 2518 239 et a ton employé tous les plus beaux esprits de ce pays, pour y

1894 4356 2529 256 trouver des remedes d autant que l'on eust bien voullu se passer

1889 4539 2539 245 du parlement, Mais personne ni a rien sceu operer, de maniere

1894 4700 2446 278 quil fault assembler ce grand Corps, Lequel ont craint quil

1878 4862 2495 261 ne produise encore quelque nouveauté comme les autres fois,

1900 5023 2445 244 tant sur ceste union des deux royaumes, que sur l'authorité

1894 5167 2507 289 que le Roy voudroit bien amoindrir, a ceux de la loy, qui luy

1911 5323 2545 278 resistent touiours en ses volontéz, que sur tout plain d'auẽs choses

1917 5478 2506 323 ou ilz veullent mettre le nez. On parle quils y doibt faire
