8680 6668
7335 1478 116 222 5.

5017 1822 2540 278 Monsieur Me voicy a Callais, arrivé assez heureusement et cõmodement, je ne

5023 2011 2506 233 diray pas dilligemment, car je n'ay fait que ce qu'a peu la carrosse, mais qüand ie feusse

5023 2150 2490 217 venu en poste, Je n'eusse pas plus advancé, y ayant plus de huit jours que le vent est

5012 2317 2517 161 si cõtraire qu'il n'est pas possible de partir du port, Un gentilhomme que depescha le

4984 2450 2529 189 Vicomte de Cramborne le lendemain de mon partement, et par leq̃l i'escrivis m'ayant

5023 2611 2545 211 trouvé par les chemins, entre autre s'est [?] icy attendant la [?] de [?]

5029 2767 2484 205 et ie l'estimois a Londre il y a trois jours, si le vent se change sur ceste pleine

5006 2928 2484 178 lune, comme on m'en donne q̃lꝗ esperance, J'essayeray de passer, sinon i'attendray la

5001 3083 2495 206 commodité, car il fault conserver l'Individu, l'on escrit certaines brouilleries de

4990 3256 2517 216 La Comt d'Ang.^re qui si elles ont fondement, ne defavoriseront poinct si je ne me

4995 3417 2495 178 trompe ma negotiaõn. car ont ce que ces resemblances de fortune engendrent ce

5006 3561 2473 217 semble de l'amytié, ces mouvements du dedans doivent faire estimer les appuys et

5029 3734 2522 222 les asseurances [?], Je ne seray g[?]ré là sans y veoir plus clair, ni sans

4973 3900 2495 206 vous en dire davãtage, Cependant Je vo ̃ reco.^de le soin du chien et du collier,

4979 4056 2528 255 car si vous ne prenez la peine de le ramentevoir, J'ay grand peur qu'il courra

4973 4234 1789 233 fortune d'estre oublié, sur tout je vous recommande

4851 4845 539 200 Monsieur.

4428 5317 840 222 A Callais ce 20. Janvier

4995 5473 217 272 1610

5984 5317 1495 256 Vr̃e tres humble et tres aff.^né serviteur

6368 5528 883 267 La Boderie.
