5040 3612
746 451 1695 202 me de Croilli  est ici  avec m.L'abbe

499 698 1954 180 i'en viens: on ne les voit pas: ie pars pour

541 933 792 153 Versailles. <>

749 1074 1605 220 J'avois fait vos complimes a toute la

2170 1213 205 108 SSolle

538 1354 1876 132 famille et mesme<> <> a me de Bon<>

511 1468 1918 220 sur le mariage et il a esté bien receu.

644 1688 1764 157 [Le mariage de m. de Toroi avec mle de

599 1881 1839 174 Pompone est arresté. le Roy l'a souhaité

596 2113 1869 153 et son delir s'estant declaré davantage

581 2296 1713 169 dans la maladie, on iuge quel m.

596 2510 1650 162 vouloit lier les deux familles pour

569 2718 1794 156 traiter les affaires etrangeres avec m. de

593 2919 1818 187 Pompone durant quelque temps. on ne

2501 460 2021 172 doute point <>que l'exercice de la charge

2544 689 1954 192 ne demeure a m. de Toroi dont la sagesse,

2526 948 2041 186 l'honnesteté et les manieres sont minez

2501 1207 1991 216 sellement approuvées en sorte qu'on aura

2553 1393 1833 256 de la ioye de tout ce qui se fera a son

2526 1634 1972 220 avantage s il y a ce soir ou demain

2526 1869 1839 180 quelque chose de nouveau ie vous

2510 2082 1966 238 l'écrirai de <> versailles. par la fin de

2571 2362 1981 226 nos lettres du 10<> receu a Rome

3287 2344 383 184 on avoit

2547 2561 1963 247 la nouvelle de la paix  qu'on appelle encore

3468 2507 452 132 de Savoye

2568 2787 1960 165 ici une treve de 30-iours. M le Prince

2547 2913 1981 373 d'orange a fait defen<> de parler de paix

3513 2898 142 178 ce
