<?xml version="1.0" encoding="UTF-8"?>
<alto xmlns:xsi="http://www.w3.org/2001/XMLSchema-instance"
      xmlns="http://www.loc.gov/standards/alto/ns-v4#"
      xsi:schemaLocation="http://www.loc.gov/standards/alto/ns-v4# http://www.loc.gov/standards/alto/v4/alto-4-2.xsd">
  <Description>
    <MeasurementUnit>pixel</MeasurementUnit>
    <sourceImageInformation>
      <fileName>32_a9e5c_default.jpg</fileName>
      <fileIdentifier>https://gallica.bnf.fr/iiif/ark:/12148/btv1b100938691/f33/full/full/0/default.jpg</fileIdentifier>
    </sourceImageInformation>
  </Description>
  
  <Tags>
    <OtherTag ID="BT2840" LABEL="StampZone" DESCRIPTION="block type StampZone"/><OtherTag ID="BT2839" LABEL="GraphicZone" DESCRIPTION="block type GraphicZone"/><OtherTag ID="BT2838" LABEL="CustomZone" DESCRIPTION="block type CustomZone"/><OtherTag ID="BT2837" LABEL="DamageZone" DESCRIPTION="block type DamageZone"/><OtherTag ID="BT2836" LABEL="MarginTextZone" DESCRIPTION="block type MarginTextZone"/><OtherTag ID="BT2834" LABEL="MainZone" DESCRIPTION="block type MainZone"/>
    <OtherTag ID="LT1003" LABEL="InterlinearLine" DESCRIPTION="line type InterlinearLine"/><OtherTag ID="LT1002" LABEL="DefaultLine" DESCRIPTION="line type DefaultLine"/>
  </Tags>
  
  <Layout>
    <Page WIDTH="5040"
          HEIGHT="3612"
          PHYSICAL_IMG_NR="4"
          ID="eSc_dummypage_">
      <PrintSpace HPOS="0"
                  VPOS="0"
                  WIDTH="5040"
                  HEIGHT="3612">
        
        <TextBlock HPOS="505"
                   VPOS="385"
                   WIDTH="2082"
                   HEIGHT="2718"
                   ID="eSc_textblock_eb5b3703"
                   TAGREFS="BT2834">
          <Shape><Polygon POINTS="1875 385 1902 445 2011 469 2297 469 2336 433 2492 469 2572 469 2583 585 2587 775 2558 1079 2572 1196 2552 1196 2552 1535 2565 1535 2565 1816 2474 1816 2474 1951 2529 1951 2529 2676 2519 2676 2519 3057 2513 3043 1851 3103 553 3067 529 2913 590 2456 541 2404 553 2010 505 1742 529 1360 578 1321 529 1140 529 902 578 839 553 650 722 409 1044 469 1613 385"/></Shape>
          
          
          <TextLine ID="eSc_line_fa845265"
                    TAGREFS="LT1003"
                    BASELINE="1396 484 1842 454" 
                    HPOS="1387"
                    VPOS="379"
                    WIDTH="455"
                    HEIGHT="123">
            <Shape><Polygon POINTS="1396 484 1387 424 1556 412 1565 406 1583 388 1586 388 1589 388 1592 388 1595 388 1631 397 1652 403 1670 394 1701 379 1704 379 1707 379 1833 379 1842 454 1842 469 1396 502"/></Shape>
	    <String CONTENT="2.aoust"
                    HPOS="1387"
                    VPOS="379"
                    WIDTH="455"
                    HEIGHT="123"></String>
          </TextLine>

          
          
          <TextLine ID="eSc_line_8d2a35f9"
                    TAGREFS="LT1002"
                    BASELINE="629 647 954 623 2366 577" 
                    HPOS="620"
                    VPOS="448"
                    WIDTH="1749"
                    HEIGHT="232">
            <Shape><Polygon POINTS="629 647 620 556 761 550 770 544 833 514 836 514 840 514 927 517 972 484 975 484 978 484 1384 472 1387 472 1390 472 1393 472 1439 505 1472 526 1502 526 1541 499 1550 490 1553 490 1556 490 1559 490 1610 493 1649 496 1670 490 1704 478 1707 478 1710 478 1713 478 1734 487 1803 511 1953 475 1956 475 1960 475 2050 502 2155 502 2200 457 2206 454 2206 451 2209 451 2212 451 2215 451 2218 451 2227 454 2282 481 2351 448 2366 577 2369 589 2294 614 2291 614 2288 614 2137 602 2077 598 2053 608 1987 632 1984 632 1863 638 1860 638 1782 620 1737 611 1707 626 1670 641 1667 641 1664 641 1604 629 1535 617 1502 635 1484 647 1481 647 1478 647 1475 647 1472 647 1469 647 1457 638 1427 620 1372 635 1369 635 1366 635 1363 635 1333 623 1270 647 1246 656 1243 656 1240 656 1213 650 1174 641 1159 653 1150 659 1150 662 1147 662 1144 662 1141 662 1101 656 984 635 918 641 897 668 894 668 894 671 891 671 888 671 803 674 800 674 797 674 791 671 710 647 632 680"/></Shape>
	    <String CONTENT="(Je pars Jeudi matin avec le P."
                    HPOS="620"
                    VPOS="448"
                    WIDTH="1749"
                    HEIGHT="232"></String>
          </TextLine>

          
          
          <TextLine ID="eSc_line_858c8c9b"
                    TAGREFS="LT1002"
                    BASELINE="619 886 2298 833 2543 842" 
                    HPOS="602"
                    VPOS="719"
                    WIDTH="1939"
                    HEIGHT="217">
            <Shape><Polygon POINTS="617 884 602 770 632 737 632 737 632 734 632 734 635 734 635 734 638 734 638 734 638 734 864 728 867 728 867 728 870 728 870 728 870 728 921 755 1011 725 1014 725 1014 725 1014 725 1017 725 1017 725 1017 725 1020 725 1020 725 1020 725 1092 767 1110 752 1110 752 1113 752 1113 752 1113 752 1116 752 1116 752 1120 752 1120 752 1120 752 1123 752 1123 752 1123 752 1165 773 1273 758 1273 758 1276 758 1276 758 1276 758 1279 758 1279 758 1318 776 1333 782 1345 776 1418 746 1418 746 1421 746 1421 746 1421 746 1424 746 1424 746 1427 746 1427 746 1499 773 1526 749 1526 746 1526 746 1529 746 1529 746 1532 746 1532 746 1532 746 1535 746 1535 746 1722 770 1842 719 1842 719 1845 719 1845 719 1845 719 1848 719 1893 722 1893 722 1896 722 1896 722 1896 722 1899 722 1899 722 1899 725 1963 782 1981 797 2532 788 2541 839 2541 896 2387 899 2384 899 2384 899 2381 899 2381 899 2381 899 2381 899 2285 854 2074 869 2059 884 2059 887 2059 887 2056 887 2056 887 2056 887 2053 887 2053 887 2053 887 2050 887 2050 887 2047 887 2047 887 2047 887 2044 887 2011 863 1917 863 1857 890 1857 890 1857 890 1854 890 1854 890 1851 890 1851 890 1851 890 1848 890 1848 890 1848 890 1845 890 1845 890 1815 866 1752 866 1631 912 1610 918 1607 918 1607 918 1607 918 1604 918 1604 918 1604 918 1601 918 1601 918 1601 918 1589 912 1520 872 1312 909 1312 909 1309 909 1309 909 1309 909 1219 887 1177 918 1165 927 1162 927 1162 927 1162 927 1159 927 1159 927 1159 930 1116 930 1113 927 1113 927 1110 927 1110 927 1110 927 1107 927 1095 918 1047 884 1020 906 1020 906 1017 906 1017 906 1014 906 1014 906 1014 906 1011 906 1011 906 924 890 879 921 861 936 858 936 858 936 858 936 855 936 855 936 855 936 852 936 614 924"/></Shape>
	    <String CONTENT="Seraphim qui vient prescher St estienne)"
                    HPOS="602"
                    VPOS="719"
                    WIDTH="1939"
                    HEIGHT="217"></String>
          </TextLine>

          
          
          <TextLine ID="eSc_line_2ab5edcc"
                    TAGREFS="LT1002"
                    BASELINE="677 1101 1297 1116 2170 1071 2399 1074" 
                    HPOS="665"
                    VPOS="954"
                    WIDTH="1734"
                    HEIGHT="198">
            <Shape><Polygon POINTS="677 1101 665 1029 713 990 716 990 719 990 722 990 824 1014 912 987 915 987 918 987 921 987 1002 1023 1062 981 1065 981 1068 981 1071 981 1228 1017 1279 999 1282 999 1285 999 1288 999 1351 1017 1360 1017 1366 1017 1433 999 1436 999 1439 999 1595 1011 1646 1014 1658 1011 1770 963 1773 963 1776 963 1884 963 1887 963 1969 1002 1975 1005 1984 1002 2170 954 2173 954 2176 954 2249 954 2252 954 2255 954 2306 996 2309 996 2393 996 2399 1074 2399 1113 2194 1119 2191 1119 2188 1119 2185 1119 2185 1116 2182 1116 2158 1095 2029 1095 1845 1119 1812 1122 1809 1122 1806 1122 1800 1119 1779 1110 1755 1119 1725 1131 1722 1131 1568 1134 1565 1134 1562 1134 1529 1122 1502 1113 1472 1122 1415 1140 1412 1140 1409 1140 1406 1140 1342 1122 1336 1122 1330 1125 1291 1143 1288 1143 1285 1143 1201 1128 1014 1149 1011 1149 1008 1149 966 1128 966 1125 963 1128 927 1152 924 1152 921 1152 918 1152 915 1152 912 1152 873 1128 867 1128 734 1143 731 1143 728 1143 671 1128"/></Shape>
	    <String CONTENT="nous avons veu le livre du"
                    HPOS="665"
                    VPOS="954"
                    WIDTH="1734"
                    HEIGHT="198"></String>
          </TextLine>

          
          
          <TextLine ID="eSc_line_391b980a"
                    TAGREFS="LT1002"
                    BASELINE="674 1345 1409 1333 2035 1303 2366 1318" 
                    HPOS="665"
                    VPOS="1173"
                    WIDTH="1701"
                    HEIGHT="205">
            <Shape><Polygon POINTS="674 1345 665 1261 861 1249 912 1225 915 1225 918 1225 921 1225 975 1252 975 1255 1038 1255 1041 1252 1132 1216 1135 1216 1138 1216 1141 1216 1144 1216 1165 1231 1219 1185 1219 1182 1222 1182 1225 1182 1351 1179 1354 1179 1466 1179 1469 1179 1580 1228 1667 1173 1670 1173 1673 1173 1676 1173 1680 1173 1683 1173 1731 1216 1779 1182 1782 1182 1785 1182 1788 1182 1791 1182 1794 1182 1875 1231 2047 1231 2146 1188 2149 1188 2152 1188 2363 1225 2366 1318 2366 1339 2240 1354 2236 1354 2233 1354 2230 1354 2215 1342 2209 1336 2203 1342 2188 1354 2188 1357 2185 1357 2182 1357 2182 1360 2137 1360 2134 1357 2131 1357 2128 1357 2110 1342 2101 1336 2044 1342 1981 1351 1978 1351 1975 1351 1960 1345 1932 1330 1881 1345 1839 1357 1836 1357 1833 1357 1830 1357 1803 1345 1776 1333 1670 1333 1640 1348 1601 1363 1598 1363 1595 1363 1592 1363 1589 1363 1571 1348 1568 1345 1562 1348 1538 1369 1535 1369 1532 1369 1360 1375 1360 1378 1264 1378 1261 1375 1258 1375 1186 1351 1174 1348 1113 1351 791 1375 788 1375 671 1354"/></Shape>
	    <String CONTENT="Cardinal fordrati sur la conception"
                    HPOS="665"
                    VPOS="1173"
                    WIDTH="1701"
                    HEIGHT="205"></String>
          </TextLine>

          
          
          <TextLine ID="eSc_line_d5ec118a"
                    TAGREFS="LT1002"
                    BASELINE="644 1559 2041 1547 2282 1565 2529 1610" 
                    HPOS="638"
                    VPOS="1408"
                    WIDTH="1891"
                    HEIGHT="208">
            <Shape><Polygon POINTS="644 1559 638 1423 1074 1411 1077 1411 1080 1411 1083 1411 1083 1414 1101 1429 1189 1426 1192 1426 1195 1426 1198 1426 1207 1435 1246 1465 1342 1465 1372 1438 1375 1438 1378 1438 1381 1438 1469 1438 1496 1420 1499 1420 1502 1420 1505 1420 1508 1420 1592 1444 1610 1447 1622 1444 1710 1408 1713 1408 1716 1408 1719 1408 1722 1408 1788 1447 1809 1459 1845 1447 1893 1435 1896 1435 1899 1435 1902 1435 1944 1450 1975 1462 1993 1453 2029 1429 2032 1429 2035 1429 2038 1429 2134 1438 2179 1414 2182 1414 2185 1414 2188 1414 2191 1414 2252 1456 2261 1465 2529 1465 2529 1610 2526 1616 2321 1616 2318 1613 2315 1613 2309 1610 2161 1565 1776 1565 1692 1595 1689 1595 1686 1595 1517 1568 1457 1598 1430 1613 1427 1613 1427 1616 1354 1616 1351 1613 1348 1613 1318 1598 1258 1565 1204 1565 1162 1595 1135 1613 1132 1613 1129 1613 1126 1613 1123 1613 1120 1613 1095 1595 1068 1571 978 1592 972 1592 969 1592 966 1592 963 1592 894 1574 870 1592 840 1613 836 1613 833 1613 830 1613 641 1586"/></Shape>
	    <String CONTENT="immaculée. il est elegant et curieux"
                    HPOS="638"
                    VPOS="1408"
                    WIDTH="1891"
                    HEIGHT="208"></String>
          </TextLine>

          
          
          <TextLine ID="eSc_line_5f7fa587"
                    TAGREFS="LT1002"
                    BASELINE="563 1802 2077 1793 2330 1802 2429 1821" 
                    HPOS="556"
                    VPOS="1658"
                    WIDTH="1873"
                    HEIGHT="196">
            <Shape><Polygon POINTS="563 1802 556 1661 927 1658 930 1658 933 1658 936 1658 936 1661 951 1673 978 1697 1065 1688 1068 1688 1071 1688 1150 1724 1213 1703 1216 1703 1219 1703 1222 1703 1294 1730 1390 1694 1393 1694 1396 1694 1400 1694 1460 1724 1634 1730 1661 1715 1664 1715 1667 1715 1670 1715 1722 1724 1749 1703 1809 1658 1812 1658 1815 1658 1818 1658 1821 1658 1824 1658 1887 1709 1914 1727 1996 1712 2071 1700 2074 1700 2077 1700 2134 1718 2155 1724 2164 1718 2221 1682 2224 1682 2227 1682 2230 1682 2233 1682 2348 1727 2429 1730 2429 1821 2420 1845 2354 1818 2155 1821 2152 1821 2149 1821 2116 1805 2050 1805 2026 1824 2023 1824 2020 1824 2017 1824 1920 1805 1649 1821 1646 1821 1643 1821 1595 1805 1556 1845 1553 1845 1553 1848 1550 1848 1547 1848 1544 1848 1541 1848 1532 1845 1457 1805 1433 1821 1430 1821 1427 1821 1424 1821 1258 1812 1225 1833 1222 1833 1219 1833 1216 1833 1213 1833 1153 1809 1107 1845 1098 1851 1095 1851 1092 1851 1092 1854 746 1854 743 1851 740 1851 737 1851 728 1845 692 1818 644 1842 629 1851 626 1851 623 1851 560 1842"/></Shape>
	    <String CONTENT="Il y fait beaucoup valoir un livre"
                    HPOS="556"
                    VPOS="1658"
                    WIDTH="1873"
                    HEIGHT="196"></String>
          </TextLine>

          
          
          <TextLine ID="eSc_line_1d7f14a2"
                    TAGREFS="LT1002"
                    BASELINE="587 2061 1354 2094 2014 2082 2495 2091" 
                    HPOS="584"
                    VPOS="1950"
                    WIDTH="1914"
                    HEIGHT="178">
            <Shape><Polygon POINTS="587 2061 587 1950 879 1953 882 1953 885 1953 900 1962 969 2004 1023 1989 1026 1989 1029 1989 1032 1989 1035 1989 1035 1992 1056 2013 1116 2016 1180 2016 1216 1983 1219 1983 1222 1983 1225 1983 1228 1983 1288 2013 1333 1983 1348 1971 1351 1971 1354 1971 1357 1971 1360 1971 1363 1971 1384 1986 1433 2019 1637 2025 1707 2025 1743 2001 1782 1977 1785 1977 1788 1977 1791 1977 1794 1977 1797 1977 1836 2007 1857 2022 1875 2007 1920 1971 1923 1971 1926 1971 1929 1971 2215 2010 2291 1986 2294 1986 2297 1986 2300 1986 2393 2025 2423 2013 2426 2013 2429 2013 2432 2013 2498 2037 2495 2091 2489 2116 1914 2103 1899 2110 1857 2125 1854 2125 1851 2125 1848 2125 1788 2107 1776 2103 1767 2107 1731 2125 1728 2125 1728 2128 1634 2128 1631 2125 1628 2125 1580 2103 1568 2100 1559 2103 1505 2122 1502 2122 1499 2122 1496 2122 1493 2122 1493 2119 1478 2107 1457 2119 1454 2119 1451 2119 1451 2122 1288 2122 1285 2119 584 2088"/></Shape>
	    <String CONTENT="sous le nom de flavius dexter auteur"
                    HPOS="584"
                    VPOS="1950"
                    WIDTH="1914"
                    HEIGHT="178"></String>
          </TextLine>

          
          
          <TextLine ID="eSc_line_2877f631"
                    TAGREFS="LT1002"
                    BASELINE="602 2266 1180 2317 2095 2320 2441 2347" 
                    HPOS="599"
                    VPOS="2167"
                    WIDTH="1845"
                    HEIGHT="207">
            <Shape><Polygon POINTS="602 2266 602 2167 728 2170 731 2170 734 2170 734 2173 785 2221 873 2206 876 2206 879 2206 954 2227 1032 2182 1041 2179 1044 2179 1047 2179 1080 2182 1083 2182 1086 2182 1086 2185 1089 2185 1135 2233 1237 2239 1279 2239 1327 2194 1330 2194 1330 2191 1333 2191 1336 2191 1339 2191 1384 2191 1387 2191 1390 2191 1396 2197 1463 2242 1547 2215 1550 2215 1553 2215 1556 2215 1559 2215 1613 2248 1830 2233 1833 2233 1836 2233 1866 2245 1902 2218 1911 2209 1914 2209 1917 2209 1920 2209 2071 2212 2074 2212 2107 2224 2164 2248 2209 2230 2236 2218 2240 2218 2243 2218 2246 2218 2249 2218 2249 2221 2261 2230 2294 2263 2438 2239 2441 2347 2444 2353 2384 2374 2381 2374 2378 2374 2375 2374 2321 2350 2318 2350 2306 2350 2164 2356 2161 2356 2092 2344 2065 2335 1851 2335 1848 2335 1809 2356 1806 2356 1803 2356 1800 2356 1797 2356 1776 2338 1698 2353 1695 2353 1502 2326 1451 2344 1448 2344 1445 2344 1318 2326 1141 2335 1138 2335 1011 2308 1008 2308 969 2329 966 2329 963 2329 960 2329 900 2308 864 2326 861 2326 858 2326 855 2326 779 2299 764 2296 599 2296"/></Shape>
	    <String CONTENT="du &lt;&gt; 4 siecle que le  Cardinal"
                    HPOS="599"
                    VPOS="2167"
                    WIDTH="1845"
                    HEIGHT="207"></String>
          </TextLine>

          
          
          <TextLine ID="eSc_line_ae23d949"
                    TAGREFS="LT1002"
                    BASELINE="605 2474 1126 2507 2203 2513 2402 2531 2517 2548" 
                    HPOS="596"
                    VPOS="2359"
                    WIDTH="1924"
                    HEIGHT="232">
            <Shape><Polygon POINTS="602 2471 602 2392 638 2392 671 2362 671 2359 671 2359 674 2359 674 2359 674 2359 677 2359 677 2359 680 2359 782 2362 782 2362 782 2362 785 2362 785 2362 785 2362 788 2362 830 2392 870 2417 933 2404 933 2404 933 2404 936 2404 936 2404 939 2404 1014 2426 1080 2404 1083 2404 1083 2404 1083 2404 1086 2404 1086 2404 1089 2404 1089 2404 1089 2404 1138 2429 1565 2423 1568 2423 1743 2441 1818 2395 1836 2383 1839 2383 1839 2383 1839 2383 1842 2383 1842 2383 1845 2383 1845 2383 1845 2383 1848 2383 1848 2383 1848 2383 1872 2395 1941 2432 1981 2417 1981 2417 1984 2417 1984 2417 1987 2417 1987 2417 1987 2417 1990 2417 1990 2417 1993 2417 2026 2438 2092 2395 2101 2389 2104 2389 2104 2389 2107 2389 2107 2389 2107 2389 2110 2389 2110 2389 2110 2389 2140 2395 2200 2411 2240 2395 2252 2392 2252 2392 2255 2392 2255 2392 2258 2392 2258 2392 2258 2392 2261 2392 2273 2395 2315 2411 2333 2395 2336 2392 2336 2392 2339 2392 2339 2392 2339 2392 2342 2392 2342 2392 2345 2392 2520 2398 2516 2546 2510 2591 2309 2588 2309 2588 2309 2588 2306 2588 2306 2588 2306 2588 2303 2588 2303 2588 2303 2588 2303 2585 2252 2537 2209 2534 2143 2534 2095 2573 2095 2573 2092 2573 2092 2573 2092 2573 2089 2573 2089 2573 2086 2573 2086 2573 2086 2573 2083 2573 2083 2573 1987 2528 1911 2528 1851 2540 1851 2540 1851 2540 1848 2540 1848 2540 1673 2525 1547 2567 1526 2573 1523 2573 1523 2573 1523 2573 1520 2573 1520 2573 1520 2573 1517 2573 1490 2564 1384 2531 1309 2558 1309 2558 1306 2558 1306 2558 1303 2558 1303 2558 1303 2558 1162 2525 1071 2549 1068 2549 1068 2549 1065 2549 1065 2549 1065 2549 1062 2549 1062 2549 1059 2549 1011 2519 963 2528 963 2528 963 2528 960 2528 960 2528 960 2528 957 2528 957 2528 921 2513 879 2531 879 2531 876 2531 876 2531 876 2531 873 2531 800 2528 773 2546 758 2558 758 2558 755 2558 755 2558 755 2558 752 2558 752 2558 749 2558 749 2558 596 2540"/></Shape>
	    <String CONTENT="d&#39;aguire a mis en piece dans ses conciles]"
                    HPOS="596"
                    VPOS="2359"
                    WIDTH="1924"
                    HEIGHT="232"></String>
          </TextLine>

          
          
          <TextLine ID="eSc_line_f5b5bd29"
                    TAGREFS="LT1002"
                    BASELINE="584 2702 1984 2690 2288 2696 2387 2715" 
                    HPOS="581"
                    VPOS="2585"
                    WIDTH="1806"
                    HEIGHT="151">
            <Shape><Polygon POINTS="584 2702 581 2594 698 2594 701 2594 704 2594 704 2597 743 2636 773 2636 821 2597 827 2591 830 2591 833 2591 836 2591 996 2591 999 2591 1002 2591 1017 2600 1062 2627 1201 2612 1204 2612 1207 2612 1240 2630 1273 2606 1276 2603 1279 2603 1282 2603 1285 2603 1288 2603 1294 2606 1333 2624 1354 2606 1357 2603 1360 2603 1363 2603 1366 2603 1369 2603 1372 2603 1375 2606 1409 2630 1490 2630 1514 2615 1517 2615 1520 2615 1523 2615 1701 2627 1716 2612 1743 2591 1743 2588 1746 2588 1749 2588 1752 2588 1755 2588 1827 2609 1851 2588 1851 2585 1854 2585 1857 2585 1860 2585 1966 2585 1969 2585 1972 2585 2017 2618 2026 2624 2062 2621 2182 2603 2185 2603 2188 2603 2240 2618 2261 2600 2264 2600 2267 2600 2270 2600 2273 2600 2276 2600 2306 2624 2309 2627 2387 2627 2387 2715 2381 2730 2179 2712 2113 2724 2110 2724 2107 2724 2104 2724 2086 2709 2059 2730 2056 2730 2053 2730 1956 2733 1953 2733 1950 2733 1947 2733 1947 2730 1944 2730 1917 2702 1686 2702 1571 2727 1520 2736 1517 2736 1409 2724 1228 2705 1065 2724 933 2736 930 2736 864 2721 809 2709 584 2718"/></Shape>
	    <String CONTENT="M. de Paris nous prie de luy rendre"
                    HPOS="581"
                    VPOS="2585"
                    WIDTH="1806"
                    HEIGHT="151"></String>
          </TextLine>

          
          
          <TextLine ID="eSc_line_aa084af4"
                    TAGREFS="LT1002"
                    BASELINE="569 2871 2146 2844 2492 2889" 
                    HPOS="560"
                    VPOS="2736"
                    WIDTH="1932"
                    HEIGHT="174">
            <Shape><Polygon POINTS="569 2871 560 2796 653 2757 656 2757 659 2757 785 2787 912 2748 915 2748 918 2748 1135 2751 1138 2751 1174 2769 1201 2757 1204 2757 1207 2757 1210 2757 1213 2757 1213 2760 1240 2784 1285 2760 1288 2760 1291 2760 1294 2760 1339 2781 1481 2757 1484 2757 1487 2757 1523 2769 1538 2757 1538 2754 1541 2754 1544 2754 1547 2754 1550 2754 1607 2784 1673 2784 1731 2739 1734 2739 1737 2739 1740 2739 1743 2739 1809 2766 1845 2739 1848 2739 1851 2739 1854 2739 1857 2739 1911 2751 2029 2736 2032 2736 2035 2736 2122 2769 2279 2736 2282 2736 2285 2736 2288 2736 2330 2775 2492 2775 2492 2889 2465 2889 2038 2862 1803 2862 1731 2886 1728 2886 1725 2886 1722 2886 1719 2886 1695 2868 1664 2883 1661 2883 1658 2883 1655 2883 1610 2868 1436 2883 1433 2883 1430 2883 1396 2871 1303 2901 1300 2901 1297 2901 1198 2886 1150 2904 1147 2904 1147 2907 1080 2907 1077 2904 1074 2904 1071 2904 1041 2883 963 2904 960 2904 957 2904 954 2904 888 2886 782 2907 779 2907 665 2883 572 2910"/></Shape>
	    <String CONTENT="graces de son present et de le bien asseurer"
                    HPOS="560"
                    VPOS="2736"
                    WIDTH="1932"
                    HEIGHT="174"></String>
          </TextLine>

          
          
          <TextLine ID="eSc_line_0e1c9497"
                    TAGREFS="LT1002"
                    BASELINE="599 3013 870 3043 2417 3037" 
                    HPOS="587"
                    VPOS="2925"
                    WIDTH="1830"
                    HEIGHT="310">
            <Shape><Polygon POINTS="599 3013 587 2958 644 2925 647 2925 650 2925 653 2925 969 2925 972 2925 975 2925 1017 2961 1023 2967 1053 2967 1062 2961 1101 2928 1104 2928 1107 2928 1153 2925 1156 2925 1159 2925 1237 2961 1246 2964 1421 2964 1421 2961 1493 2931 1496 2931 1499 2931 1502 2931 1505 2931 1541 2955 1607 2937 1610 2937 1613 2937 1616 2937 1619 2937 1649 2961 1649 2964 1658 2961 1758 2937 1761 2937 1764 2937 1875 2952 1893 2937 1893 2934 1896 2934 1899 2934 1902 2934 2023 2961 2077 2946 2080 2946 2083 2946 2086 2946 2089 2946 2107 2964 2258 2964 2300 2937 2303 2937 2306 2937 2309 2937 2312 2937 2315 2937 2351 2964 2351 2967 2411 2967 2417 3037 2414 3085 2261 3088 2258 3088 2255 3088 2179 3061 2035 3091 2032 3091 2029 3091 1938 3064 1890 3100 1887 3100 1884 3100 1881 3100 1878 3100 1875 3100 1863 3088 1812 3115 1809 3115 1806 3115 1803 3115 1800 3115 1743 3070 1502 3070 1415 3097 1412 3097 1409 3097 1406 3097 1363 3076 1234 3184 1177 3232 1174 3232 1171 3232 599 3235"/></Shape>
	    <String CONTENT="de ses services. nostre compliment est"
                    HPOS="587"
                    VPOS="2925"
                    WIDTH="1830"
                    HEIGHT="310"></String>
          </TextLine>

          
        </TextBlock>
        
        <TextBlock HPOS="2541"
                   VPOS="469"
                   WIDTH="2029"
                   HEIGHT="2668"
                   ID="eSc_textblock_2d0fb905"
                   TAGREFS="BT2834">
          <Shape><Polygon POINTS="2548 2712 2548 1951 2565 1951 2565 1953 2583 1953 2583 1518 2579 1518 2579 1263 2586 1321 2615 469 4558 469 4486 815 4570 902 4570 1526 4510 1742 4392 1790 4377 1851 4449 1938 4389 2034 4449 2203 4449 2453 4450 2454 4450 2525 4534 2525 4541 2531 4541 3073 4493 3111 4442 3137 4052 3103 2550 3127 2541 3108 2541 2712"/></Shape>
          
          
          <TextLine ID="eSc_line_299968a2"
                    TAGREFS="LT1002"
                    BASELINE="2641 574 4529 574" 
                    HPOS="2631"
                    VPOS="472"
                    WIDTH="1903"
                    HEIGHT="136">
            <Shape><Polygon POINTS="2640 571 2631 502 2676 472 2679 472 2682 472 2685 472 2818 496 2866 472 2869 472 2872 472 2875 472 2941 493 2974 472 2977 472 2980 472 2983 472 2986 472 2989 472 3037 502 3052 502 3206 502 3209 499 3233 484 3236 484 3239 484 3242 484 3459 499 3480 499 3483 499 3513 472 3516 472 3519 472 3522 472 3525 472 3612 499 3621 502 3733 502 3742 496 3772 481 3775 481 3778 481 3781 481 3784 481 3784 484 3799 496 3799 499 3805 496 3871 472 3874 472 3877 472 3995 475 3998 475 4046 496 4049 496 4085 484 4088 484 4091 484 4094 484 4097 484 4109 496 4115 502 4193 502 4200 496 4227 472 4230 472 4233 472 4236 472 4362 472 4365 472 4416 493 4428 499 4440 493 4489 472 4492 472 4495 472 4498 472 4501 472 4534 493 4528 571 4528 583 4281 583 4278 583 4193 605 4190 605 4187 605 3968 583 3953 583 3950 583 3913 605 3910 605 3907 605 3904 605 3853 583 3850 583 3643 583 3640 583 3597 605 3594 605 3594 608 3492 608 3489 605 3486 605 3483 605 3456 586 3453 583 3447 586 3390 605 3387 605 3384 605 3290 586 3287 586 3284 586 3179 602 3176 602 3173 602 3170 602 3170 598 3155 586 3155 583 3152 586 3116 605 3113 605 3110 605 3107 605 3067 586 3058 583 3007 583 3001 586 2983 602 2983 605 2980 605 2977 605 2974 605 2637 586"/></Shape>
	    <String CONTENT="tres bien receu. M le nonce est ici"
                    HPOS="2631"
                    VPOS="472"
                    WIDTH="1903"
                    HEIGHT="136"></String>
          </TextLine>

          
          
          <TextLine ID="eSc_line_c75956b8"
                    TAGREFS="LT1002"
                    BASELINE="2607 788 3181 816 3651 788 4398 788" 
                    HPOS="2595"
                    VPOS="671"
                    WIDTH="1800"
                    HEIGHT="171">
            <Shape><Polygon POINTS="2604 785 2595 722 2655 671 2658 671 2661 671 2664 671 2742 674 2745 674 2748 674 2748 677 2800 719 2932 683 2935 683 2938 683 2941 683 2944 683 2992 716 2998 722 3363 722 3375 713 3417 677 3417 674 3420 674 3423 674 3426 674 3603 674 3606 674 3609 674 3652 707 3664 716 3676 707 3730 674 3733 674 3736 674 3739 674 3889 674 3892 674 3950 704 3965 710 3992 704 4019 695 4022 695 4025 695 4028 695 4031 695 4031 698 4037 701 4058 722 4112 701 4184 674 4187 674 4190 674 4302 698 4344 707 4386 698 4395 785 4389 836 4323 833 4320 833 4317 833 4317 830 4287 806 3956 839 3898 842 3895 842 3892 842 3889 842 3889 839 3886 839 3853 806 3573 806 3329 839 3314 839 3314 842 3134 842 3131 839 3122 839 3001 815 2968 839 2965 839 2962 839 2962 842 2884 842 2881 839 2878 839 2875 839 2839 809 2673 803 2604 839"/></Shape>
	    <String CONTENT="fort estimé par mille belles qualitez"
                    HPOS="2595"
                    VPOS="671"
                    WIDTH="1800"
                    HEIGHT="171"></String>
          </TextLine>

          
          
          <TextLine ID="eSc_line_b1892704"
                    
                    BASELINE="2607 1044 3963 1046 4274 1056 4529 1065" 
                    HPOS="2601"
                    VPOS="921"
                    WIDTH="1933"
                    HEIGHT="168">
            <Shape><Polygon POINTS="2604 1041 2601 945 2697 924 2697 924 2697 924 2700 924 2700 924 2703 924 2778 945 2800 951 2806 945 2836 921 2836 921 2839 921 2839 921 2839 921 2842 921 2842 921 2845 921 2890 921 2890 921 2890 921 2893 921 2893 921 2896 921 2938 948 2938 948 2941 948 2974 921 2977 921 2977 921 2977 921 2980 921 2980 921 2983 921 3064 921 3064 921 3064 921 3067 921 3067 921 3137 948 3146 954 3275 954 3281 951 3305 927 3305 924 3305 924 3308 924 3308 924 3308 924 3311 924 3311 924 3314 924 3366 924 3366 924 3366 924 3369 924 3369 924 3369 924 3372 924 3372 924 3372 927 3399 951 3405 957 3477 957 3483 951 3516 924 3516 924 3519 924 3519 924 3519 924 3522 924 3522 924 3525 924 3525 924 3525 924 3528 924 3528 924 3528 924 3531 924 3531 924 3564 951 3567 954 3579 951 3636 939 3636 939 3636 939 3640 939 3640 939 3787 954 3796 954 3799 954 3826 930 3826 930 3829 930 3829 930 3829 930 3832 930 3832 930 3832 930 3835 930 3835 930 3838 930 3838 930 3838 930 3841 930 3841 930 3865 948 3959 939 3959 939 3962 939 3962 939 4043 954 4073 930 4073 930 4076 930 4076 930 4079 930 4079 930 4079 930 4082 930 4082 930 4085 930 4160 948 4389 927 4389 927 4392 927 4392 927 4395 927 4395 927 4395 927 4398 927 4398 927 4425 951 4467 927 4467 927 4467 927 4470 927 4470 927 4470 927 4473 927 4473 927 4476 927 4476 927 4476 927 4480 927 4534 960 4528 1062 4519 1089 4428 1065 4299 1071 4296 1071 4296 1071 4296 1071 4293 1071 4293 1071 4290 1071 4260 1053 4224 1053 4184 1086 4184 1089 4184 1089 4181 1089 4181 1089 4181 1089 4178 1089 4178 1089 4178 1089 4175 1089 4103 1086 4103 1086 4103 1086 4100 1086 4100 1086 4100 1086 4100 1086 4097 1086 4046 1053 3799 1053 3751 1071 3751 1071 3748 1071 3748 1071 3745 1071 3745 1071 3745 1071 3742 1071 3742 1071 3742 1071 3739 1071 3739 1071 3739 1068 3721 1053 3594 1068 3594 1068 3591 1068 3591 1068 3591 1068 3588 1068 3588 1068 3555 1053 3540 1068 3540 1068 3537 1068 3537 1068 3537 1068 3534 1068 3534 1068 3534 1068 3531 1068 3531 1068 3528 1068 3528 1068 3528 1068 3525 1068 3525 1068 3507 1053 3441 1080 3426 1086 3426 1086 3423 1086 3423 1086 3423 1089 3293 1089 3290 1086 3290 1086 3287 1086 3287 1086 3287 1086 3272 1080 3239 1062 3191 1074 3188 1074 3188 1074 3185 1074 3185 1074 3185 1074 3182 1074 3182 1074 3182 1074 3143 1053 3092 1071 3092 1071 3089 1071 3089 1071 3086 1071 3086 1071 2914 1053 2854 1074 2833 1083 2833 1083 2830 1083 2830 1083 2827 1083 2601 1071"/></Shape>
	    <String CONTENT="M. de Reims luy donna ces iours passez"
                    HPOS="2601"
                    VPOS="921"
                    WIDTH="1933"
                    HEIGHT="168"></String>
          </TextLine>

          
          
          <TextLine ID="eSc_line_4aca2174"
                    TAGREFS="LT1002"
                    BASELINE="2607 1272 3962 1251 4488 1272" 
                    HPOS="2592"
                    VPOS="1140"
                    WIDTH="1894"
                    HEIGHT="169">
            <Shape><Polygon POINTS="2604 1270 2592 1185 2625 1170 2625 1170 2628 1170 2628 1170 2628 1170 2631 1170 2631 1170 2721 1182 2736 1185 2742 1182 2778 1152 2778 1152 2781 1152 2781 1152 2781 1152 2784 1152 2784 1152 2787 1152 2787 1152 2787 1152 2790 1152 2884 1182 2899 1185 2914 1179 2983 1152 2983 1152 2986 1152 2986 1152 2986 1152 2989 1152 2989 1152 2992 1152 2992 1152 3058 1179 3067 1182 3076 1179 3131 1152 3131 1152 3131 1152 3134 1152 3134 1152 3137 1152 3137 1152 3137 1152 3140 1152 3140 1152 3143 1152 3143 1152 3176 1176 3182 1182 3212 1176 3308 1158 3308 1158 3308 1158 3311 1158 3311 1158 3314 1158 3314 1158 3314 1158 3317 1158 3341 1176 3350 1182 3585 1182 3609 1173 3691 1143 3694 1143 3694 1143 3694 1143 3697 1143 3697 1143 3700 1143 3700 1143 3742 1158 3790 1143 3793 1143 3793 1143 3793 1143 3796 1143 3796 1143 3799 1143 3799 1143 3799 1143 3853 1170 3868 1176 3883 1167 3923 1143 3926 1143 3926 1143 3929 1143 3929 1143 3929 1143 3932 1143 3932 1143 3932 1143 3935 1143 3935 1143 3938 1143 3977 1167 3992 1176 4022 1167 4100 1140 4103 1140 4103 1140 4106 1140 4332 1140 4332 1140 4332 1140 4335 1140 4335 1140 4335 1140 4338 1140 4371 1161 4428 1140 4428 1140 4431 1140 4431 1140 4434 1140 4434 1140 4434 1140 4437 1140 4437 1140 4486 1161 4486 1270 4483 1276 4359 1294 4359 1294 4356 1294 4356 1294 4356 1294 4353 1294 4299 1279 4275 1270 4266 1279 4245 1294 4245 1294 4242 1294 4242 1294 4242 1294 4239 1294 4239 1294 4236 1294 4236 1294 4236 1294 4233 1294 4233 1294 4193 1279 4163 1267 3889 1267 3868 1279 3823 1297 3823 1297 3820 1297 3820 1297 3820 1297 3682 1300 3679 1300 3679 1300 3676 1300 3676 1300 3676 1300 3673 1300 3673 1300 3673 1297 3652 1279 3646 1273 3633 1279 3594 1294 3594 1294 3591 1294 3591 1294 3588 1294 3588 1294 3588 1294 3585 1294 3585 1294 3585 1294 3582 1294 3582 1294 3567 1279 3561 1276 3338 1276 3335 1279 3329 1288 3326 1288 3326 1291 3326 1291 3323 1291 3323 1291 3323 1291 3320 1291 3320 1291 3161 1303 3158 1303 3158 1303 3158 1303 3155 1303 3155 1303 3107 1279 3098 1276 3070 1279 2905 1306 2905 1306 2905 1309 2718 1309 2715 1306 2715 1306 2601 1279"/></Shape>
	    <String CONTENT="un grand diné ou m le cardinal d&#39;ecréesXX"
                    HPOS="2592"
                    VPOS="1140"
                    WIDTH="1894"
                    HEIGHT="169"></String>
          </TextLine>

          
          
          <TextLine ID="eSc_line_21d5c311"
                    
                    BASELINE="2579 1487 3465 1509 3652 1476 3997 1493 4564 1521" 
                    HPOS="2574"
                    VPOS="1309"
                    WIDTH="1990"
                    HEIGHT="241">
            <Shape><Polygon POINTS="2577 1486 2577 1393 2607 1393 2697 1327 2700 1327 2700 1327 2700 1327 2703 1327 2703 1327 2703 1327 2706 1327 2706 1327 2706 1327 2709 1327 2709 1327 2712 1327 2712 1327 2803 1393 2809 1399 2956 1399 2965 1396 3010 1375 3010 1375 3013 1375 3013 1375 3013 1375 3016 1375 3016 1375 3019 1375 3019 1375 3076 1396 3104 1408 3372 1411 3405 1399 3492 1366 3492 1366 3495 1366 3495 1366 3498 1366 3498 1366 3498 1366 3501 1366 3501 1366 3501 1366 3564 1402 3564 1402 3567 1402 3694 1312 3697 1312 3697 1312 3697 1312 3700 1312 3700 1312 3700 1312 3769 1309 3772 1309 3992 1315 3992 1315 3992 1315 3995 1315 3995 1315 3995 1315 4091 1366 4166 1321 4169 1321 4169 1321 4169 1321 4172 1321 4172 1321 4175 1321 4284 1324 4284 1324 4284 1324 4287 1324 4287 1324 4287 1324 4290 1324 4290 1324 4359 1381 4395 1363 4395 1363 4395 1363 4398 1363 4398 1363 4401 1363 4401 1363 4401 1363 4404 1363 4564 1411 4561 1520 4558 1529 4425 1550 4425 1550 4422 1550 4422 1550 4422 1550 4419 1550 4347 1529 4335 1526 4311 1529 4184 1541 4184 1541 4181 1541 4181 1541 4178 1541 4130 1526 4109 1520 4091 1526 4058 1535 4055 1535 4055 1535 4055 1535 4052 1535 4052 1535 4049 1535 4049 1535 4022 1526 3998 1517 3959 1523 3929 1529 3929 1529 3929 1529 3926 1529 3926 1529 3874 1523 3775 1511 3685 1520 3561 1535 3561 1535 3558 1535 3558 1535 3558 1535 3483 1520 3453 1511 2574 1508"/></Shape>
	    <String CONTENT="fit excellemment les honneurs. J embrasse"
                    HPOS="2574"
                    VPOS="1309"
                    WIDTH="1990"
                    HEIGHT="241"></String>
          </TextLine>

          
          
          <TextLine ID="eSc_line_d7e63cd8"
                    TAGREFS="LT1002"
                    BASELINE="2607 1680 4142 1725 4405 1756" 
                    HPOS="2598"
                    VPOS="1535"
                    WIDTH="1812"
                    HEIGHT="243">
            <Shape><Polygon POINTS="2604 1679 2598 1598 2631 1580 2631 1580 2631 1580 2634 1580 2634 1580 2637 1580 2637 1580 2637 1580 2640 1580 2712 1601 2724 1607 2778 1607 2781 1604 2833 1577 2833 1577 2833 1577 2836 1577 2836 1577 2836 1577 2839 1577 2839 1577 2842 1577 2842 1577 2872 1589 2947 1535 2950 1535 2950 1535 2950 1535 2953 1535 2953 1535 2953 1535 2956 1535 2956 1535 2959 1535 2959 1535 3185 1616 3254 1595 3257 1595 3257 1595 3257 1595 3260 1595 3260 1595 3263 1595 3263 1595 3263 1595 3266 1595 3305 1622 3308 1625 3483 1631 3522 1631 3522 1628 3594 1568 3594 1568 3597 1568 3597 1568 3597 1568 3600 1568 3600 1568 3600 1568 3603 1568 3603 1568 3606 1568 3606 1568 3606 1568 3609 1568 3609 1568 3609 1571 3649 1607 3778 1553 3778 1553 3781 1553 3781 1553 3784 1553 4236 1565 4236 1565 4236 1565 4239 1565 4239 1565 4242 1565 4242 1565 4242 1568 4338 1652 4374 1640 4377 1640 4377 1640 4377 1640 4380 1640 4380 1640 4380 1640 4383 1640 4383 1640 4386 1640 4386 1640 4410 1658 4404 1754 4398 1778 3953 1763 3953 1763 3953 1763 3950 1763 3950 1763 3947 1763 3938 1757 3913 1742 3877 1754 3847 1763 3844 1763 3844 1763 3844 1763 3841 1763 3715 1757 3715 1757 3715 1757 3712 1757 3712 1757 3712 1757 3688 1745 3673 1736 3636 1742 3555 1754 3555 1754 3552 1754 3552 1754 3552 1754 3549 1754 3549 1754 3549 1754 3546 1754 3519 1736 3507 1727 3459 1733 3444 1733 3444 1733 3441 1733 3441 1733 3438 1733 3438 1733 3438 1733 3435 1733 3435 1733 3435 1730 3435 1730 3420 1718 3363 1727 3290 1739 3290 1739 3287 1739 3287 1739 3287 1739 3284 1739 3218 1721 3173 1709 3140 1718 3067 1733 3067 1733 3067 1733 3064 1733 3064 1733 3064 1733 3061 1733 3061 1733 3058 1733 3058 1733 3028 1712 3019 1703 2860 1700 2854 1703 2821 1724 2818 1724 2818 1724 2818 1724 2815 1724 2815 1724 2812 1724 2812 1724 2812 1724 2809 1724 2809 1724 2748 1697 2598 1688"/></Shape>
	    <String CONTENT="m. l&#39;helipeaux. les lettres de m le"
                    HPOS="2598"
                    VPOS="1535"
                    WIDTH="1812"
                    HEIGHT="243"></String>
          </TextLine>

          
          
          <TextLine ID="eSc_line_44da0de5"
                    TAGREFS="LT1002"
                    BASELINE="2614 1930 4405 1985" 
                    HPOS="2610"
                    VPOS="1796"
                    WIDTH="1794"
                    HEIGHT="202">
            <Shape><Polygon POINTS="2613 1929 2610 1802 2688 1796 2691 1796 2691 1796 2691 1796 2694 1796 2694 1796 2697 1796 2697 1796 2697 1799 2706 1806 2742 1839 2827 1812 2857 1802 2860 1802 2860 1802 2860 1802 2863 1802 2863 1802 2866 1802 2866 1802 2866 1802 2869 1802 2869 1802 2884 1815 2926 1848 2998 1851 3043 1821 3061 1809 3064 1809 3064 1809 3064 1809 3067 1809 3067 1809 3067 1809 3070 1809 3070 1809 3143 1821 3146 1821 3146 1821 3146 1821 3149 1821 3149 1821 3155 1827 3191 1857 3245 1830 3281 1815 3281 1815 3284 1815 3284 1815 3284 1815 3287 1815 3390 1818 3390 1818 3390 1818 3393 1818 3393 1818 3393 1818 3435 1839 3450 1848 3468 1842 3516 1824 3516 1824 3519 1824 3519 1824 3522 1824 3522 1824 3522 1824 3525 1824 3525 1824 3528 1824 3528 1824 3558 1845 3591 1872 3682 1872 3703 1854 3727 1833 3727 1830 3727 1830 3730 1830 3730 1830 3730 1830 3733 1830 3733 1830 3736 1830 3787 1830 3787 1830 3787 1830 3790 1830 3790 1830 3790 1830 3850 1860 3886 1881 3956 1881 3977 1866 4001 1848 4004 1848 4004 1848 4004 1848 4007 1848 4007 1848 4007 1848 4010 1848 4010 1848 4013 1848 4013 1848 4013 1848 4016 1848 4016 1848 4016 1851 4034 1869 4049 1884 4118 1884 4142 1872 4184 1854 4184 1854 4184 1854 4187 1854 4187 1854 4190 1854 4190 1854 4190 1854 4193 1854 4193 1854 4193 1854 4196 1854 4196 1854 4196 1857 4218 1878 4227 1887 4245 1878 4287 1857 4287 1857 4287 1857 4290 1857 4290 1857 4293 1857 4293 1857 4293 1857 4296 1857 4296 1857 4296 1857 4299 1857 4338 1881 4347 1887 4401 1887 4404 1983 4398 1998 2610 1947"/></Shape>
	    <String CONTENT="Cardinal de Janson sont touiours"
                    HPOS="2610"
                    VPOS="1796"
                    WIDTH="1794"
                    HEIGHT="202"></String>
          </TextLine>

          
          
          <TextLine ID="eSc_line_e6b58783"
                    TAGREFS="LT1002"
                    BASELINE="2572 2151 4426 2234" 
                    HPOS="2568"
                    VPOS="2040"
                    WIDTH="1860"
                    HEIGHT="232">
            <Shape><Polygon POINTS="2571 2149 2571 2067 2781 2073 2784 2073 2851 2040 2851 2040 2851 2040 2854 2040 2854 2040 2857 2040 2857 2040 2857 2040 2860 2040 2860 2040 2860 2040 2863 2040 2908 2073 2941 2076 3004 2085 3070 2082 3326 2061 3329 2061 3329 2061 3329 2061 3332 2061 3332 2061 3332 2061 3390 2091 3414 2103 3450 2094 3525 2070 3528 2070 3528 2070 3528 2070 3531 2070 3531 2070 3531 2070 3649 2100 3730 2119 3913 2107 4031 2100 4034 2100 4034 2100 4034 2100 4037 2100 4037 2100 4037 2100 4058 2113 4085 2128 4109 2113 4127 2100 4130 2100 4130 2100 4130 2100 4133 2100 4133 2100 4136 2100 4193 2100 4193 2100 4428 2125 4425 2233 4422 2266 4305 2242 4257 2242 4242 2257 4224 2272 4224 2272 4221 2272 4221 2272 4221 2272 4218 2272 4218 2272 4218 2272 4215 2272 4215 2272 4212 2272 4133 2251 4109 2245 4091 2248 4031 2266 4028 2266 4028 2266 4028 2266 4025 2266 4025 2266 4022 2266 4022 2266 4022 2266 4019 2266 3983 2242 3950 2221 3853 2218 3808 2233 3790 2239 3787 2239 3787 2239 3787 2239 3784 2239 3784 2239 3784 2239 3781 2239 3751 2230 3694 2209 3658 2224 3609 2245 3609 2245 3606 2245 3606 2245 3606 2245 3603 2245 3495 2242 3495 2242 3495 2242 3492 2242 3492 2242 3492 2242 3489 2242 3447 2212 3426 2197 3408 2209 3399 2218 3396 2218 3396 2218 3396 2218 3393 2218 3393 2218 3390 2218 3390 2218 3390 2218 3387 2218 3347 2206 3296 2191 3272 2203 3236 2218 3236 2218 3233 2218 3233 2218 3233 2218 3230 2218 3230 2218 3227 2218 3227 2218 3227 2218 3188 2197 3173 2191 3140 2194 3052 2206 3052 2206 3049 2206 3049 2206 3049 2206 3046 2206 3046 2206 3043 2206 3022 2191 3004 2209 3004 2209 3001 2209 3001 2209 3001 2209 2998 2209 2998 2209 2998 2209 2995 2209 2995 2209 2836 2179 2827 2176 2824 2176 2790 2206 2790 2209 2790 2209 2787 2209 2787 2209 2787 2209 2784 2209 2784 2209 2781 2209 2700 2206 2700 2206 2700 2206 2697 2206 2697 2206 2694 2206 2628 2167 2625 2164 2568 2161"/></Shape>
	    <String CONTENT="si pleines de bonté pour moy que"
                    HPOS="2568"
                    VPOS="2040"
                    WIDTH="1860"
                    HEIGHT="232"></String>
          </TextLine>

          
          
          <TextLine ID="eSc_line_183981e9"
                    TAGREFS="LT1002"
                    BASELINE="2565 2365 4426 2406" 
                    HPOS="2559"
                    VPOS="2272"
                    WIDTH="1869"
                    HEIGHT="160">
            <Shape><Polygon POINTS="2562 2362 2559 2293 2688 2275 2688 2275 2691 2275 2691 2275 2691 2275 2694 2275 2694 2275 2697 2275 2697 2275 2697 2275 2718 2293 2784 2278 2784 2278 2784 2278 2787 2278 2787 2278 2790 2278 2863 2296 2911 2272 2911 2272 2911 2272 2914 2272 2914 2272 2914 2272 2917 2272 2917 2272 2920 2272 2920 2272 2920 2272 2923 2272 2956 2293 2989 2275 2989 2275 2989 2275 2992 2275 2992 2275 2995 2275 2995 2275 2995 2275 2998 2275 2998 2275 2998 2275 3046 2302 3143 2302 3194 2275 3194 2275 3194 2275 3197 2275 3197 2275 3200 2275 3344 2278 3344 2278 3344 2278 3347 2278 3435 2302 3465 2281 3468 2281 3468 2281 3468 2281 3471 2281 3471 2281 3474 2281 3474 2281 3474 2281 3477 2281 3477 2281 3477 2281 3480 2281 3525 2314 3606 2314 3718 2287 3721 2287 3721 2287 3724 2287 3724 2287 3724 2287 3727 2287 3727 2287 3730 2287 3778 2317 3841 2299 3844 2299 3844 2299 3847 2299 3847 2299 3847 2299 3850 2299 3850 2299 3850 2299 3889 2320 4037 2296 4037 2296 4040 2296 4040 2296 4040 2296 4043 2296 4043 2296 4043 2296 4091 2320 4124 2296 4127 2296 4127 2296 4127 2296 4130 2296 4130 2296 4133 2296 4338 2302 4338 2302 4338 2302 4341 2302 4428 2335 4425 2404 4416 2432 4386 2417 4148 2426 4148 2426 4145 2426 4145 2426 4145 2426 4145 2426 4142 2426 4142 2426 4142 2426 4139 2426 4139 2426 4139 2423 4124 2411 3947 2420 3944 2420 3944 2420 3944 2420 3862 2404 3703 2420 3627 2426 3627 2426 3624 2426 3624 2426 3555 2417 3402 2395 3360 2414 3350 2417 3350 2417 3347 2417 3347 2417 3344 2417 2962 2411 2962 2411 2917 2404 2694 2377 2562 2398"/></Shape>
	    <String CONTENT="ie me croy obligé de m&#39;en entretenir"
                    HPOS="2559"
                    VPOS="2272"
                    WIDTH="1869"
                    HEIGHT="160"></String>
          </TextLine>

          
          
          <TextLine ID="eSc_line_7002f595"
                    TAGREFS="LT1003"
                    BASELINE="3938 2557 4023 2569" 
                    HPOS="3920"
                    VPOS="2501"
                    WIDTH="108"
                    HEIGHT="168">
            <Shape><Polygon POINTS="3935 2555 3941 2501 4028 2507 4022 2567 4010 2660 3920 2669"/></Shape>
	    <String CONTENT="o"
                    HPOS="3920"
                    VPOS="2501"
                    WIDTH="108"
                    HEIGHT="168"></String>
          </TextLine>

          
          
          <TextLine ID="eSc_line_888221e4"
                    
                    BASELINE="2572 2572 4177 2645 4529 2683" 
                    HPOS="2565"
                    VPOS="2438"
                    WIDTH="1966"
                    HEIGHT="264">
            <Shape><Polygon POINTS="2571 2570 2571 2438 2667 2441 2667 2441 2667 2441 2670 2441 2670 2441 2670 2441 2673 2441 2673 2441 2676 2444 2736 2495 2812 2504 2968 2507 3019 2489 3019 2489 3022 2489 3022 2489 3022 2489 3025 2489 3025 2489 3200 2519 3257 2489 3287 2471 3287 2471 3287 2471 3290 2471 3290 2471 3290 2471 3293 2471 3293 2471 3296 2471 3296 2471 3296 2471 3299 2471 3332 2495 3387 2531 3435 2531 3477 2504 3486 2498 3489 2498 3489 2498 3489 2498 3492 2498 3492 2498 3492 2498 3495 2498 3603 2507 3603 2507 3606 2507 3606 2507 3606 2507 3609 2507 3609 2507 3609 2510 3612 2510 3615 2516 3627 2528 3649 2516 3676 2507 3676 2507 3679 2507 3679 2507 3679 2507 3920 2501 3923 2501 4082 2510 4082 2510 4085 2510 4085 2510 4085 2510 4088 2510 4088 2510 4088 2513 4115 2537 4196 2519 4196 2519 4196 2519 4200 2519 4200 2519 4200 2519 4203 2519 4203 2519 4203 2519 4284 2564 4299 2573 4323 2567 4374 2558 4374 2558 4374 2558 4377 2558 4377 2558 4380 2558 4380 2558 4380 2558 4416 2576 4425 2582 4531 2585 4528 2681 4528 2690 4401 2702 4401 2702 4398 2702 4398 2702 4395 2702 4395 2702 4395 2702 4359 2684 4317 2663 4085 2651 4022 2669 3983 2681 3980 2681 3980 2681 3980 2681 3977 2681 3850 2675 3850 2675 3850 2675 3847 2675 3847 2675 3814 2660 3757 2633 3462 2621 3420 2645 3405 2651 3405 2651 3405 2651 3402 2651 3402 2651 3402 2654 3338 2654 3335 2651 3335 2651 3332 2651 3296 2639 3218 2612 3188 2630 3185 2630 3185 2630 3182 2630 3182 2630 3182 2630 3179 2630 3179 2630 3070 2615 3043 2627 3028 2636 3028 2636 3028 2636 3025 2636 3025 2636 3022 2636 3022 2636 3022 2636 3019 2636 3019 2636 2995 2627 2932 2600 2775 2615 2724 2621 2724 2621 2721 2621 2565 2606"/></Shape>
	    <String CONTENT="encore avec luy. Tout se p&lt;&gt;rte XXXXy"
                    HPOS="2565"
                    VPOS="2438"
                    WIDTH="1966"
                    HEIGHT="264"></String>
          </TextLine>

          
          
          <TextLine ID="eSc_line_210bf37e"
                    TAGREFS="LT1002"
                    BASELINE="2552 2780 3788 2826 4462 2793" 
                    HPOS="2544"
                    VPOS="2663"
                    WIDTH="1917"
                    HEIGHT="178">
            <Shape><Polygon POINTS="2550 2778 2544 2699 2676 2663 2679 2663 2679 2663 2682 2663 2839 2663 2839 2663 2839 2663 2842 2663 2842 2663 2842 2663 2845 2663 2902 2699 2905 2702 2914 2699 2992 2675 2995 2675 2995 2675 2995 2675 2998 2675 2998 2675 3001 2675 3001 2675 3001 2675 3049 2699 3089 2721 3128 2702 3128 2702 3131 2702 3131 2702 3131 2702 3134 2702 3134 2702 3134 2702 3137 2702 3200 2727 3381 2727 3426 2702 3459 2684 3459 2684 3459 2684 3462 2684 3462 2684 3462 2684 3465 2684 3465 2684 3468 2684 3468 2684 3468 2684 3504 2702 3558 2733 3754 2733 3799 2702 3832 2681 3835 2681 3835 2681 3835 2681 3838 2681 3838 2681 3841 2681 3841 2681 3929 2690 3929 2690 3932 2690 3932 2690 3932 2690 3935 2690 3935 2690 3935 2693 3950 2705 3974 2730 4022 2712 4022 2712 4025 2712 4025 2712 4028 2712 4028 2712 4028 2712 4031 2712 4031 2712 4034 2712 4034 2712 4058 2730 4091 2705 4112 2687 4112 2687 4115 2687 4115 2687 4115 2687 4118 2687 4118 2687 4121 2687 4239 2687 4239 2687 4239 2687 4242 2687 4242 2687 4242 2687 4245 2687 4245 2687 4266 2705 4269 2709 4284 2705 4338 2693 4338 2693 4338 2693 4341 2693 4341 2693 4344 2693 4344 2693 4344 2693 4347 2693 4365 2705 4410 2736 4449 2705 4461 2790 4455 2841 4281 2820 3880 2829 3751 2832 3748 2832 2547 2799"/></Shape>
	    <String CONTENT="a l&#39;ordinaire. voila une lettre de me"
                    HPOS="2544"
                    VPOS="2663"
                    WIDTH="1917"
                    HEIGHT="178"></String>
          </TextLine>

          
          
          <TextLine ID="eSc_line_6e5f3cad"
                    TAGREFS="LT1002"
                    BASELINE="2552 2925 3395 2963 3796 2943 4536 2946" 
                    HPOS="2547"
                    VPOS="2805"
                    WIDTH="1987"
                    HEIGHT="192">
            <Shape><Polygon POINTS="2550 2922 2553 2820 2577 2829 2598 2820 2616 2811 2616 2811 2616 2811 2619 2811 2619 2811 2622 2811 2622 2811 2622 2811 2625 2811 2625 2811 2625 2811 2643 2820 2670 2835 2700 2820 2739 2805 2739 2805 2742 2805 2742 2805 2745 2805 2857 2808 2857 2808 2857 2808 2860 2808 2860 2808 2860 2808 2863 2808 2884 2823 2923 2847 3366 2838 3369 2838 3369 2838 3555 2859 3643 2832 3667 2823 3670 2823 3670 2823 3670 2823 3673 2823 3673 2823 3676 2823 3676 2823 3676 2823 3679 2823 3679 2823 3679 2826 3688 2832 3718 2862 3781 2838 3781 2838 3784 2838 3784 2838 3787 2838 3787 2838 3787 2838 3790 2838 3790 2838 3793 2838 3793 2838 3793 2841 3817 2862 3862 2841 3862 2841 3865 2841 3865 2841 3865 2841 3868 2841 3868 2841 3871 2841 3871 2841 3871 2841 3874 2841 3904 2862 3983 2835 3998 2829 4001 2829 4001 2829 4001 2829 4004 2829 4079 2832 4079 2832 4082 2832 4082 2832 4082 2832 4085 2832 4088 2835 4127 2862 4163 2835 4166 2832 4166 2832 4169 2832 4169 2832 4172 2832 4172 2832 4172 2832 4175 2832 4175 2832 4209 2838 4374 2865 4443 2838 4449 2838 4449 2838 4452 2838 4452 2838 4455 2838 4455 2838 4455 2838 4458 2838 4458 2838 4461 2838 4461 2838 4486 2853 4528 2841 4534 2943 4534 2964 4464 2991 4464 2991 4461 2991 4461 2991 4458 2991 4458 2991 4458 2991 4455 2991 4455 2991 4398 2967 4368 2979 4368 2979 4365 2979 4365 2979 4362 2979 4362 2979 4196 2961 4088 2997 4085 2997 4085 2997 4085 2997 4082 2997 4082 2997 4079 2997 4079 2997 4079 2997 4076 2997 4076 2997 4076 2994 4037 2958 4037 2955 3877 2955 3874 2955 3820 2991 3817 2991 3817 2991 3817 2991 3814 2991 3814 2991 3811 2991 3811 2991 3811 2991 3808 2991 3808 2991 3808 2991 3733 2952 3733 2952 3727 2952 3420 2985 3420 2985 3417 2985 3417 2985 3299 2964 3209 2979 3209 2979 3206 2979 3206 2979 3206 2979 3203 2979 3146 2961 3119 2979 3116 2979 3116 2979 3116 2979 3113 2979 3113 2979 3110 2979 3110 2979 3110 2979 3107 2979 3107 2979 3104 2979 3104 2979 3076 2958 3022 2976 3019 2976 3019 2976 3019 2976 3016 2976 2827 2973 2827 2973 2827 2973 2824 2973 2685 2934 2547 2931"/></Shape>
	    <String CONTENT="de J. que ie vous garde il y a long temps."
                    HPOS="2547"
                    VPOS="2805"
                    WIDTH="1987"
                    HEIGHT="192"></String>
          </TextLine>

          
          
          <TextLine ID="eSc_line_3e8e7013"
                    TAGREFS="LT1002"
                    BASELINE="2561 3092 2911 3100 3492 3077 4154 3060 4492 3064" 
                    HPOS="2550"
                    VPOS="2949"
                    WIDTH="1945"
                    HEIGHT="374">
            <Shape><Polygon POINTS="2559 3091 2550 3025 2631 2985 2631 2985 2631 2985 2634 2985 2634 2985 2637 2985 2637 2985 2637 2985 2640 2985 2640 2985 2709 3016 2751 2979 2751 2979 2754 2979 2754 2979 2754 2979 2757 2979 2757 2979 2757 2979 2760 2979 2760 2979 2763 2979 2763 2979 2763 2979 2830 3016 2887 3016 3004 3016 3034 3010 3167 2991 3167 2991 3170 2991 3170 2991 3173 2991 3173 2991 3206 3003 3212 3006 3212 3003 3248 2973 3248 2970 3248 2970 3251 2970 3251 2970 3251 2970 3254 2970 3254 2970 3296 2967 3299 2967 3387 2967 3387 2967 3387 2967 3390 2967 3390 2967 3390 2967 3447 2997 3456 3000 3558 2994 3643 2988 3670 2964 3670 2961 3670 2961 3673 2961 3673 2961 3676 2961 3676 2961 3676 2961 3679 2961 3679 2961 3679 2961 3682 2961 3760 2988 3781 2994 3799 2985 3868 2955 3868 2955 3871 2955 3871 2955 3874 2955 3956 2955 3956 2955 3956 2955 3959 2955 3959 2955 3959 2955 3962 2955 3962 2955 3989 2979 4001 2988 4163 2976 4166 2976 4209 2949 4212 2949 4212 2949 4212 2949 4215 2949 4215 2949 4218 2949 4218 2949 4218 2949 4221 2949 4293 2970 4293 2970 4483 2967 4489 3061 4495 3298 4157 3311 4154 3311 4154 3311 4151 3311 4151 3311 4151 3311 4136 3304 4115 3292 4061 3304 4016 3314 4016 3314 4016 3314 4013 3314 4013 3314 4010 3314 4010 3314 3986 3304 3923 3280 3841 3307 3826 3311 3823 3311 3823 3311 3742 3317 3739 3317 3739 3317 3739 3317 3736 3317 3736 3317 3733 3317 3733 3317 3724 3307 3712 3298 3691 3307 3658 3323 3658 3323 3655 3323 3655 3323 3655 3323 3652 3323 3652 3323 3652 3323 3649 3323 3606 3307 3525 3280 3438 3280 3375 3307 3375 3307 3372 3307 3372 3307 3372 3307 3369 3307 3369 3307 3305 3298 3284 3311 3272 3323 3272 3323 3269 3323 3269 3323 3266 3323 3266 3323 3266 3323 3263 3323 3104 3314 3076 3311 3076 3311 3073 3311 3073 3311 3073 3311 3070 3311 3040 3292 2745 3292 2664 3317 2661 3317 2661 3317 2658 3317 2658 3317 2658 3317 2655 3317 2598 3298 2568 3320"/></Shape>
	    <String CONTENT="garder nous bien en luy faisant reponse"
                    HPOS="2550"
                    VPOS="2949"
                    WIDTH="1945"
                    HEIGHT="374"></String>
          </TextLine>

          
        </TextBlock>
        

        
      </PrintSpace>
    </Page>
  </Layout>
</alto>
