3612 5024
879 1369 1949 205 de l'autorité pour le chaster. on n'en fera

875 1565 1991 205 rien. cette engeance est enragée contre

896 1804 1886 193 moy par ce quils veulent croire que

875 2001 1810 217 i'agis plus que ie ne fais et ne veux

854 2189 1153 256 faire dans cette affaire.

946 2390 1928 276 Je n'ay point receu de la lettre <>

854 2599 1857 206 de l'ar change c'est le seul. peut estre

884 2775 1810 210 viendrat elle par orsino ou ses

854 2997 1857 172 compaignons. Je soupconne un peu

854 3194 1915 201 de froid de son costé. quoiqu'il en soit

854 3366 2045 192 c'est un homme qu'il faut tascher de gaigner

846 3533 2057 197 pour le bien de l'eglise. il est fort gouverne

892 3696 1990 218 par la cour de florence] ((les XXXXi testes

871 3889 2032 268 des Princes sont faites. on poura envoyer
