5040 3612
475 592 1891 202 envoyer le tout au mois prochain))

529 740 1912 274 [Il faudra bien dire a diomede combien

547 966 1885 225 i'estime ses courages et en particulier

526 1176 1927 238 son apologie sur laquelle ie luy ecrirai

547 1363 1957 256 s'il m'en donne la moindre ouverture]

656 1583 1683 244 J'ay fait  vos complimens a

502 1760 1801 244 m. l'ar. de Carri qui vous les

544 1992 1774 178 rend de bon coeur et vous <> prie

553 2155 1780 207 de faire ses remercimens a m le

569 2380 969 169 Cardinal d'aguire

532 2543 1927 202 ((La famille est touiours en mesme

602 2702 313 166 etat))

644 2823 301 159 <>

590 2943 1893 181 [Carafe a dit au docte ma proposition

2580 526 1824 175 et ce dernier m'en a ecrit de luy

2574 707 1854 189 mesme obligeamment.) ie n'en croy

2577 957 876 168 pas d'avantage]

2634 1119 1469 196 ((J'embrasse m. l'helipeau

2664 1261 1782 244 mande quelque met de l'abbé de

2601 1441 1815 250 Lusance que ie puisse marcher a sa

2652 1667 497 184 famille.))

2652 1884 1794 183 [Jeudi encore le Prince d'orange estoit

2824 1857 207 135 <>

2658 2061 1894 187 campé prez d'ath. Il a fait fourager

2685 2266 1795 178 pour huit iours. il est un des espoir

2679 2411 1915 189 de la paix de Savoye. elle est admirable

2694 2645 1891 130 et a bien sceu mepriser ce qui en

2691 2814 1638 156 est et ne ferroit de rien. beneausy

3366 2754 213 123 plus

2709 2991 976 175 nanXX coute XXXXere]
