5056 3612
192 641 2223 207 de fievre et quand il y en auroit eu

204 869 2205 256 on ne s'en etonneroit pas. cet accident

192 1152 2244 280 a rompu un voyage de meudon. le Roy

171 1498 2229 211 se leve, s'habille, mange en public a

177 1769 2117 235 ordinaire soir et matin: on le voit

195 2067 2165 208 a son levé: il tient ses conseils et il n'y

183 2344 2292 181 rien de changé: on ne peut avoir meilleur

605 2585 1752 172 ni se porter mieux dans le fonds.

210 2871 2156 181 Je le voi tous les iours et ie puis vous en

186 3127 1244 247 estre un bon temoin

2701 460 2080 277 [J'ay receu un billet de m. le Cardinal

2646 701 2111 259 d'aguire d'une bonté sans exemple.

2625 981 2135 289 J'y fais le reponse que ie vous envoye

2628 1228 2235 267 toute ouverte et qui vous fera entendre

2628 1559 2217 219 les deux lettres auxquelles ie reponds. ie

2601 1805 2247 226 supose que vous avez mon cachet

2701 2037 2105 277 Je suis bien aise que le livre de l'agreda

2586 2380 2223 181 soit connu. ce qui retarde la conclusion

2619 2621 2262 253 de la Sorbonne c'est 180  opinants parmi

2634 2865 2253 500 lesquel<> les defenseurs indirects du livre

2993 2856 102 193 s
