4896 3612
569 764 1851 262 de foix et de choiseul avec dix

499 1020 1705 214 mille ecus a chacun pour leur

548 1264 1728 231 voyage et mil ecus par mois

560 1544 1863 162 pour leur abbé. on croit <>

554 1772 1815 172 tXXXXXX que la Princesse viendra

581 2010 1870 163 a fontainebleau. on n'a rien declare

505 2182 1912 216 sur son suiet. m. de Savoye va

563 2480 1839 180 se mettre a la teste de nos armées

575 2718 1824 171 on croit celle de m. de l'athnat

557 2955 1878 374 de 30 a 35 mille hommes avec

2550 770 1424 163 dix mille de celle de Savoi

2571 1032 1870 205 aurez sceu aussi tXXX que  nous que

3664 1300 729 147 a Turin ou

2535 1291 855 168 M. de manXfX

2541 1529 1840 189 il a offert le Roy des Romains et

2544 1821 1957 189 que cela n'a rien operé. on fait dire

2559 2046 1822 217 a m. de Savoye qu'on le verroit

2562 2338 1936 169 a la teste des troupes de france avec

2541 2564 1978 181 autant de gayeté qu'il en avoit

2556 2799 1948 183 paroistre a la teste des troupes alliees

2544 3025 1963 346 avec cette difference que celle<> de france
